{"product_id":"ETH-USD","type":"snapshot","bids":[["148.79","247.9854631"],["148.75","0.16"],["148.68","200"],["148.66","20"],["148.64","10.93684032"],["148.62","4.0371934"],["148.61","0.0677"],["148.6","91"],["148.59","73.524"],["148.5","15"],["148.49","82.712"],["148.48","50"],["148.45","367.18557417"],["148.44","12.84231896"],["148.42","12.518"],["148.4","3.58048821"],["148.39","0.5"],["148.38","2.05014556"],["148.36","136.96180283"],["148.33","0.5"],["148.32","70"],["148.31","3"],["148.3","1"],["148.29","0.55"],["148.28","17.563"],["148.27","0.5"],["148.26","0.5"],["148.25","0.1167"],["148.24","0.5"],["148.23","500"],["148.22","0.5"],["148.21","10.54837601"],["148.2","181.77392704"],["148.19","142.39809023"],["148.11","0.5"],["148.1","202.5"],["148.07","0.01"],["148.06","0.1"],["148.05","13.13171226"],["148.04","87.75"],["148.03","0.5"],["148.01","6.50331059"],["148","292.70286765"],["147.95","1"],["147.94","20"],["147.91","1.2"],["147.9","100.1134"],["147.89","0.5"],["147.86","30"],["147.85","0.01"],["147.84","94.58397978"],["147.83","2.73890197"],["147.82","0.04964199"],["147.8","75"],["147.78","1.34797435"],["147.77","180.80042397"],["147.75","0.67681895"],["147.74","700.10693786"],["147.73","21.14"],["147.71","42.55356171"],["147.7","100"],["147.68","20"],["147.65","15.6421778"],["147.64","0.51"],["147.63","24.41"],["147.61","0.5"],["147.6","11.0804694"],["147.59","2"],["147.55","0.5"],["147.52","0.5"],["147.51","1.7"],["147.5","110.21763483"],["147.49","0.11885"],["147.46","62.31006709"],["147.44","6.2"],["147.43","23.51571448"],["147.42","0.51"],["147.41","53.90788087"],["147.4","0.5"],["147.34","0.5"],["147.3","2.23131028"],["147.29","1.52328015"],["147.22","0.04964199"],["147.21","0.75"],["147.2","44.20811914"],["147.19","2"],["147.16","1.005"],["147.15","1.0001958"],["147.12","20"],["147.11","0.5"],["147.09","0.19594"],["147.08","0.6244"],["147.07","6.12867567"],["147.06","1.07999457"],["147.05","1"],["147.03","61.41370384"],["147.01","3.08662924"],["147","164.09583737"],["146.99","1.11060888"],["146.98","2.3"],["146.96","63.07402222"],["146.94","0.1"],["146.92","0.5"],["146.9","114.08726675"],["146.88","19"],["146.86","20.83"],["146.85","50"],["146.8","130"],["146.77","18.26"],["146.71","2.2"],["146.7","16.75"],["146.69","15.5"],["146.68","19.65"],["146.67","0.55"],["146.66","0.5"],["146.62","0.5"],["146.6","0.7"],["146.56","0.51"],["146.52","0.5"],["146.51","1.5"],["146.5","159.06845725"],["146.46","200"],["146.44","5"],["146.43","0.5"],["146.39","1"],["146.38","5.3039173"],["146.35","71.487"],["146.34","0.01"],["146.33","0.02"],["146.25","2.375"],["146.21","1"],["146.2","2.38351401"],["146.19","0.05137834"],["146.18","20"],["146.15","1"],["146.12","1.01"],["146.1","11.48187066"],["146.08","0.5"],["146.07","700"],["146.06","30"],["146.03","2"],["146.01","7.1117"],["146","331.54435514"],["145.97","3.5"],["145.95","2.63"],["145.91","27.44857085"],["145.9","3"],["145.87","0.5"],["145.85","0.5"],["145.83","0.5"],["145.82","0.5"],["145.8","12.51735119"],["145.77","0.38780491"],["145.75","14.0345943"],["145.74","0.2"],["145.73","1.0343"],["145.71","0.5"],["145.68","2.68401119"],["145.67","0.5"],["145.66","102.68955115"],["145.65","85.7833445"],["145.64","1"],["145.62","0.5"],["145.61","0.5107652"],["145.6","15.53497318"],["145.57","6.08884253"],["145.56","1.00989282"],["145.55","1.5"],["145.51","5.4746"],["145.5","116.42099656"],["145.49","53.101"],["145.48","1"],["145.47","0.19698"],["145.46","0.5"],["145.44","410"],["145.42","18.76558505"],["145.4","12.6"],["145.35","3.90626079"],["145.34","1.08022054"],["145.32","2.44445022"],["145.29","0.5"],["145.28","0.5"],["145.23","1.05"],["145.2","6.955"],["145.18","1.00002868"],["145.17","2"],["145.16","0.5"],["145.13","0.3445187"],["145.12","1.5"],["145.11","98.56394104"],["145.1","21.75422252"],["145.09","0.5"],["145.07","0.46"],["145.06","22"],["145.03","0.1017"],["145.02","4"],["145.01","50.27153124"],["145","2626.9689069"],["144.99","0.1176"],["144.98","9.62571717"],["144.91","0.10053481"],["144.9","3"],["144.89","1.28344677"],["144.87","1.1"],["144.86","0.3011"],["144.85","40"],["144.79","2"],["144.75","29.08775298"],["144.74","3"],["144.71","53"],["144.7","5"],["144.68","1"],["144.64","58.936"],["144.63","0.2"],["144.57","71.88815994"],["144.56","0.172939"],["144.55","1"],["144.5","107.63387536"],["144.49","0.69208965"],["144.45","2"],["144.44","38.14"],["144.41","0.0135684"],["144.37","23.756221"],["144.34","82.63893853"],["144.32","0.5"],["144.31","25"],["144.28","0.04428"],["144.27","0.5"],["144.25","1.475"],["144.14","1"],["144.11","1"],["144.09","0.068431"],["144.01","5.51"],["144","131.166527"],["143.98","4.46804941"],["143.91","0.21"],["143.89","45.36357947"],["143.86","0.5"],["143.85","0.19797"],["143.79","9.26538702"],["143.76","1.13174735"],["143.75","13.04583353"],["143.72","9.49762797"],["143.68","1.5955"],["143.62","0.467202"],["143.51","0.1"],["143.5","4.93612053"],["143.34","2.5"],["143.31","37.96964622"],["143.29","20"],["143.25","3"],["143.24","3.3"],["143.22","0.5996"],["143.21","20.0182429"],["143.2","4.59077198"],["143.16","10.252827"],["143.15","6.6"],["143.11","70"],["143.1","4.64831138"],["143.03","15"],["143.01","1.15302497"],["143","337.82932196"],["142.95","6"],["142.9","11.2447305"],["142.87","11.2573138"],["142.84","0.01"],["142.78","0.01"],["142.77","14"],["142.76","0.6039"],["142.75","0.94474124"],["142.72","0.5"],["142.68","17"],["142.65","4.2"],["142.63","0.6417"],["142.55","15"],["142.51","25"],["142.5","64.82"],["142.49","0.02"],["142.47","1"],["142.46","5"],["142.44","0.21"],["142.4","2.5"],["142.36","155.94886049"],["142.31","0.025"],["142.3","1.6086"],["142.28","3.3"],["142.25","0.5"],["142.23","80.69924155"],["142.22","0.5"],["142.2","3.4779557"],["142.19","31.85208884"],["142.11","0.5"],["142.1","20.31876912"],["142.07","0.5"],["142.04","0.5"],["142.03","2"],["142.01","0.0248362"],["142","272.30433415"],["141.96","0.1"],["141.9","0.10610628"],["141.85","30"],["141.83","1.6093"],["141.81","0.03525844"],["141.77","17.05070552"],["141.69","1"],["141.67","1"],["141.65","1"],["141.6","300"],["141.51","5"],["141.5","10.45058829"],["141.49","0.03"],["141.42","1.5"],["141.41","100"],["141.4","63.12"],["141.36","1.133"],["141.35","2"],["141.34","3"],["141.33","33.64847323"],["141.3","5"],["141.28","0.7"],["141.22","9.2558"],["141.21","0.11321954"],["141.2","105"],["141.18","0.5"],["141.17","0.6"],["141.16","0.5"],["141.12","0.5"],["141.11","21.87086669"],["141.1","300"],["141.08","5"],["141.05","55"],["141.03","7"],["141.01","3"],["141","135.83523828"],["140.94","0.5"],["140.93","0.5"],["140.92","0.5"],["140.9","0.1"],["140.89","70.6346"],["140.88","5.25"],["140.87","1.06721495"],["140.82","0.5"],["140.81","0.0333974"],["140.8","300"],["140.78","0.1"],["140.71","0.5"],["140.67","0.5"],["140.64","0.21825228"],["140.63","11.5"],["140.62","0.5"],["140.61","0.19972"],["140.6","2.3"],["140.58","0.5"],["140.57","0.5"],["140.52","0.5"],["140.51","25.5"],["140.5","26.80926797"],["140.49","0.5"],["140.47","0.5"],["140.44","184.88742455"],["140.42","1.1285"],["140.4","50"],["140.37","22"],["140.35","12.5"],["140.33","2.53909282"],["140.3","300"],["140.26","0.68163267"],["140.25","56.36006136"],["140.24","10"],["140.2","4"],["140.18","5"],["140.13","86.291891"],["140.12","0.5"],["140.11","0.57137249"],["140.1","20.13775874"],["140.05","0.1"],["140.03","2.5"],["140.02","104.22815127"],["140.01","15"],["140","1215.48024169"],["139.99","0.02"],["139.97","23.57101777"],["139.95","0.6146"],["139.94","25"],["139.9","0.5"],["139.89","113.17258431"],["139.88","20"],["139.87","2.16199"],["139.86","0.46573198"],["139.75","105.45771259"],["139.71","0.01"],["139.64","0.25"],["139.62","1.64196022"],["139.61","0.0439773"],["139.6","300"],["139.54","0.1"],["139.53","1.00731048"],["139.51","100.2"],["139.5","134"],["139.48","0.65748"],["139.43","0.75"],["139.35","31.5417079"],["139.27","20.5"],["139.25","15"],["139.17","17.07573471"],["139.13","37"],["139.11","0.07188555"],["139.1","103"],["139","269.7302008"],["138.99","0.20042"],["138.94","0.02"],["138.91","1"],["138.86","9.887404"],["138.85","0.02617766"],["138.8","300"],["138.79","2"],["138.78","2"],["138.77","17.57770772"],["138.75","194.33991921"],["138.73","1.09829343"],["138.67","84"],["138.64","0.1"],["138.59","11.435061"],["138.57","6.61796746"],["138.55","1"],["138.51","23.41"],["138.5","1"],["138.49","3.05228838"],["138.48","0.1"],["138.42","2.01"],["138.41","0.0566283"],["138.4","1.00006771"],["138.34","1"],["138.32","1"],["138.3","300"],["138.23","12.76666969"],["138.2","0.1"],["138.1","5"],["138.05","1.211"],["138.03","2"],["138","810.13501232"],["137.98","8"],["137.91","8"],["137.9","3"],["137.87","0.03626604"],["137.83","25"],["137.8","300.04354136"],["137.69","1"],["137.63","0.2"],["137.61","16.00109462"],["137.6","309.2544144"],["137.55","10"],["137.51","30.19601774"],["137.5","0.02"],["137.49","0.02125"],["137.37","0.20098"],["137.34","1.14870616"],["137.33","51.10500255"],["137.3","300"],["137.2","3.071405"],["137.15","4.25231072"],["137.13","0.05"],["137.11","100"],["137.1","14"],["137.05","1.25"],["137.02","0.2"],["137","270.17261553"],["136.89","3.1755"],["136.88","0.82303332"],["136.8","1.12339181"],["136.77","4.3965782"],["136.68","20"],["136.66","1"],["136.6","300"],["136.54","0.05419658"],["136.5","3.077"],["136.49","0.03"],["136.46","0.2"],["136.44","7"],["136.42","0.2"],["136.41","0.2"],["136.38","0.2"],["136.36","0.2"],["136.35","1.623"],["136.32","90.2"],["136.3","0.2"],["136.25","0.2"],["136.24","0.2"],["136.23","0.71955957"],["136.21","1"],["136.17","0.2"],["136.15","6.49118635"],["136.11","1"],["136.1","5"],["136.08","3.24320987"],["136.06","0.2"],["136.05","14.10034507"],["136.03","2"],["136.02","0.2"],["136.01","1"],["136","83.44509598"],["135.88","7.35944902"],["135.86","0.01010018"],["135.8","10.01472754"],["135.66","0.08"],["135.6","304.42477876"],["135.54","0.1"],["135.51","28.45186213"],["135.5","18.88438168"],["135.49","0.2"],["135.46","0.7"],["135.45","0.2"],["135.43","0.2"],["135.42","50.39941941"],["135.41","0.2"],["135.39","0.2"],["135.37","0.2"],["135.36","0.2"],["135.35","0.2"],["135.34","1.71957067"],["135.33","0.75"],["135.31","2.14337448"],["135.3","2.2"],["135.29","0.2"],["135.27","0.28"],["135.26","0.2"],["135.25","51.9689464"],["135.23","0.2"],["135.22","0.3713"],["135.21","0.2"],["135.2","16.35994823"],["135.17","0.2"],["135.16","0.35"],["135.15","0.2"],["135.13","12.36590409"],["135.12","1"],["135.1","5.2"],["135.09","6.04364995"],["135.08","0.2"],["135.05","38.2"],["135.03","2.20074057"],["135.02","15.45759161"],["135.01","18.5540306"],["135","469.24594368"],["134.99","0.02"],["134.98","0.2"],["134.97","0.2"],["134.93","0.2"],["134.92","0.2"],["134.91","0.2"],["134.9","1.2"],["134.89","0.2"],["134.88","0.2"],["134.87","0.05"],["134.83","0.2"],["134.82","0.2"],["134.81","0.2"],["134.8","0.1075624"],["134.78","2.3"],["134.77","0.2"],["134.76","0.2"],["134.75","0.2"],["134.74","0.2"],["134.73","0.2"],["134.72","0.2"],["134.71","0.2"],["134.7","10.02345"],["134.66","10.7"],["134.63","0.2"],["134.62","0.14029701"],["134.61","0.2"],["134.59","0.2"],["134.58","0.2"],["134.57","0.2"],["134.56","0.2"],["134.54","0.2"],["134.53","0.2"],["134.52","1.2"],["134.51","0.2"],["134.5","2.2"],["134.49","0.2"],["134.48","0.2"],["134.47","0.2"],["134.46","0.2"],["134.45","36.00202898"],["134.43","11.8117803"],["134.42","0.2"],["134.41","0.45"],["134.4","0.2"],["134.38","0.2"],["134.37","0.2"],["134.33","0.2"],["134.32","0.7"],["134.31","0.2"],["134.28","0.2"],["134.27","0.2"],["134.26","0.2"],["134.25","0.2"],["134.24","60.2"],["134.23","0.2"],["134.22","0.2"],["134.21","3.4759508"],["134.2","115.00934645"],["134.17","0.2"],["134.16","0.2"],["134.15","0.2"],["134.13","0.2"],["134.12","0.2"],["134.11","20.2"],["134.1","713.75611537"],["134.09","0.2"],["134.08","0.2"],["134.07","0.5132694"],["134.06","0.2"],["134.05","0.3"],["134.03","2.2"],["134.02","0.2"],["134.01","0.01"],["134","50.086667"],["133.93","0.03733293"],["133.9","0.15"],["133.8","5"],["133.69","1"],["133.65","1.5"],["133.64","0.1"],["133.6","0.1290618"],["133.55","0.1"],["133.5","21.24"],["133.43","0.075"],["133.38","1"],["133.33","10"],["133.32","5.62556255"],["133.07","0.37573272"],["133.03","5"],["133","176.4810762"],["132.99","0.2"],["132.98","0.2"],["132.97","0.2"],["132.95","0.2"],["132.94","0.2"],["132.93","0.2"],["132.92","0.2"],["132.91","0.2"],["132.9","3.76767915"],["132.89","0.2"],["132.88","0.2"],["132.87","0.2"],["132.85","0.2"],["132.84","0.2"],["132.83","0.2"],["132.82","0.2"],["132.81","0.2"],["132.8","40.19223323"],["132.79","0.2"],["132.78","0.2"],["132.77","0.7"],["132.76","1.58482977"],["132.75","0.7"],["132.74","0.2"],["132.73","2.2"],["132.72","0.2"],["132.71","0.2"],["132.7","0.2"],["132.69","1.2"],["132.68","20.2"],["132.66","20.2"],["132.65","0.2"],["132.64","0.45"],["132.63","0.2"],["132.62","0.2"],["132.61","0.2"],["132.58","0.2"],["132.57","10.7917"],["132.56","0.2"],["132.55","0.2"],["132.53","0.9646621"],["132.51","0.2"],["132.5","31.69529912"],["132.49","0.02"],["132.48","0.2"],["132.46","0.2"],["132.45","0.2"],["132.44","4.2"],["132.43","0.2"],["132.41","2.431"],["132.4","0.1529244"],["132.39","0.2"],["132.38","0.2"],["132.37","0.2"],["132.36","0.2"],["132.34","0.2"],["132.33","0.2"],["132.32","0.2"],["132.31","8.16"],["132.28","0.2"],["132.26","0.2"],["132.25","0.2"],["132.24","0.2"],["132.23","0.2"],["132.21","1.2"],["132.18","0.2"],["132.15","0.2"],["132.14","0.2"],["132.13","0.2"],["132.11","0.2"],["132.1","10.224977"],["132.08","0.2"],["132.07","0.2"],["132.06","0.2"],["132.05","0.1"],["132.04","0.2"],["132.03","2.2"],["132.02","5"],["132.01","0.2"],["132","178.61989404"],["131.99","0.2"],["131.98","0.2"],["131.97","1.52"],["131.94","0.2"],["131.93","0.2"],["131.91","0.2"],["131.9","0.21377897"],["131.88","0.2"],["131.86","0.2"],["131.85","0.2"],["131.84","1.2"],["131.83","0.2"],["131.82","0.2"],["131.8","0.2"],["131.79","0.2"],["131.78","0.2"],["131.77","0.2"],["131.76","12.34"],["131.75","0.2"],["131.74","0.2"],["131.73","0.00331"],["131.71","0.2"],["131.7","0.2"],["131.69","0.2"],["131.68","6.2"],["131.67","0.2"],["131.66","0.2"],["131.64","0.2"],["131.63","0.2"],["131.6","0.2"],["131.59","0.2"],["131.58","0.2"],["131.57","0.2"],["131.56","0.2"],["131.55","0.2"],["131.54","0.2"],["131.53","0.2"],["131.52","0.2"],["131.51","0.2"],["131.5","0.2"],["131.49","105.30836411"],["131.48","0.7"],["131.47","0.2"],["131.46","0.2"],["131.45","0.2"],["131.44","0.8"],["131.43","0.2"],["131.42","0.2"],["131.41","4.2"],["131.39","0.2"],["131.38","0.2"],["131.37","0.2"],["131.36","0.2"],["131.35","0.2"],["131.34","0.2"],["131.33","0.2"],["131.32","0.2"],["131.31","0.2"],["131.3","0.2"],["131.29","0.2"],["131.28","1.06010101"],["131.26","0.2"],["131.24","0.2"],["131.23","0.21"],["131.22","2.8"],["131.21","0.2"],["131.2","1.1412152"],["131.19","5.2"],["131.18","0.2"],["131.17","0.2"],["131.16","5.2"],["131.13","0.2"],["131.12","0.2"],["131.11","21.011"],["131.1","260.2"],["131.09","0.2"],["131.04","0.2"],["131.02","0.2"],["131.01","9"],["131","259.4456204"],["130.99","1"],["130.93","30.2"],["130.9","0.2"],["130.83","20.2008"],["130.8","4.595"],["130.78","0.2"],["130.76","10.2"],["130.75","22.06440628"],["130.74","924.77739537"],["130.68","5"],["130.66","0.12"],["130.61","0.74502232"],["130.6","3.61054743"],["130.57","0.0383"],["130.51","0.88431114"],["130.5","210"],["130.4","5"],["130.37","1"],["130.29","3"],["130.24","0.01"],["130.2","5"],["130.13","24.38761633"],["130.11","1.92512908"],["130.1","0.2"],["130.05","8.3"],["130.03","2"],["130.02","4.27124596"],["130.01","15.97513723"],["130","1587.39623455"],["129.99","0.05846449"],["129.9","4.1"],["129.88","22.35"],["129.87","5"],["129.86","0.25"],["129.83","0.3"],["129.81","3"],["129.8","0.11556264"],["129.7","2"],["129.69","1"],["129.66","1.23280889"],["129.59","0.01"],["129.55","3.19278679"],["129.45","92.03288501"],["129.3","6.09646055"],["129.27","0.16168485"],["129.23","2.74282288"],["129.18","1.5435826"],["129.16","6"],["129.15","0.1"],["129.13","22.20243187"],["129.12","12.34"],["129.11","0.07745333"],["129.05","0.1"],["129","103.22210351"],["128.97","6"],["128.88","3.86600907"],["128.8","1.4893528"],["128.79","4"],["128.67","0.025"],["128.61","2.5"],["128.57","6.3935117"],["128.55","10"],["128.53","0.2"],["128.5","0.5"],["128.44","4"],["128.4","2.62551119"],["128.31","4"],["128.29","81.22846675"],["128.15","1"],["128.1","7.17"],["128.05","0.2"],["128.01","1.33"],["128","177.40819954"],["127.9","0.01"],["127.82","20"],["127.77","2.36095428"],["127.74","0.2"],["127.69","1.85352358"],["127.66","0.325602"],["127.61","1000"],["127.6","0.2733419"],["127.55","1"],["127.5","0.2669665"],["127.49","0.02125"],["127.3","1.25"],["127.23","10"],["127.17","14.89"],["127.11","0.07867201"],["127.08","33.30164709"],["127.02","0.2"],["127","272.674"],["126.88","1.37060735"],["126.79","5"],["126.77","10.96777628"],["126.68","20"],["126.51","1"],["126.37","0.79132706"],["126.31","0.16590136"],["126.3","1.62"],["126.21","0.18684402"],["126.12","0.25"],["126.11","1"],["126.1","1"],["126.05","3.13966679"],["126.03","4.5"],["126","59.61119124"],["125.96","1.59411997"],["125.89","0.88694083"],["125.81","2.00001275"],["125.77","0.25"],["125.76","1.1"],["125.73","0.94017028"],["125.7","5"],["125.69","5.96706181"],["125.67","0.05"],["125.63","1"],["125.55","8"],["125.51","25"],["125.5","9.411"],["125.37","48.11676686"],["125.33","0.1"],["125.23","0.01"],["125.21","2"],["125.17","0.01"],["125.14","0.4462395"],["125.11","15.30885141"],["125.08","0.1"],["125.04","1"],["125.02","4"],["125.01","13.1"],["125","1520.68859823"],["124.99","0.02"],["124.92","0.35"],["124.78","9"],["124.44","4"],["124.42","1"],["124.41","87.75727085"],["124.35","22.49939686"],["124.27","7.63299841"],["124.11","17.32288289"],["124.05","3.1"],["124.02","1"],["124","25.505706"],["123.9","15.00047611"],["123.87","308.23"],["123.81","3.8382832"],["123.7","35.03914318"],["123.66","0.051"],["123.55","8.1"],["123.54","14.05"],["123.52","31.14304259"],["123.5","60"],["123.45","55.29848866"],["123.4","40"],["123.25","0.72386341"],["123.2","3.8345"],["123.11","0.08122816"],["123.05","1"],["123","29.68504065"],["122.93","7"],["122.88","1.25"],["122.85","70.55465601"],["122.79","1.02509589"],["122.73","11.98950547"],["122.7","4.279"],["122.55","3"],["122.52","126.49026462"],["122.51","2.3"]],"asks":[["6700","12.05219"],["6750","12"],["6800","12"],["6811","1"],["6850","17"],["6868.68","0.01025435"],["6900","14"],["6950","12"],["6969.69","1.1"],["6999","0.1"],["6999.99","2.3"],["7000","23.1"],["7005","2"],["7050","12.15"],["7100","12"],["7150","12"],["7200","12"],["7250","12"],["7300","17"],["7321.55","0.12"],["7350","12"],["7400","12"],["7407.41","6.75"],["7450","14"],["7489","0.6944"],["7500","22.202015"],["7538.59","0.36"],["7550","12"],["7600","13"],["7650","12"],["7654","0.01"],["7700","12"],["7745","0.5"],["7750","12"],["7776.99","0.3"],["7800","12"],["7850","17"],["7880","0.04895763"],["7886","1"],["7900","12"],["7946","0.07"],["7950","12"],["7999.99","1.69287758"],["8000","47.1848119"],["8005","2"],["8022","0.05"],["8050","20"],["8080","100"],["8100","20"],["8114.9","0.012"],["8150","20"],["8200","25"],["8217.12","4.97250001"],["8235","0.5"],["8250","25"],["8300","25"],["8350","25"],["8400","25"],["8450","27"],["8500","25"],["8542.32","0.5"],["8550","25"],["8600","25"],["8650","25"],["8700","25"],["8750","25"],["8765","0.01"],["8765.43","0.01908724"],["8771.42","10"],["8800","26"],["8840","10"],["8850","30"],["8888","4"],["8900","25.25"],["8922.41","1.79"],["8950","25"],["8999.99","1"],["9000","16.59039478"],["9000.2","2"],["9005","3"],["9099.99","5"],["9100","0.38259307"],["9200","195.02040147"],["9376.41","1"],["9500","1.78"],["9576.32","0.9"],["9632.41","10"],["9696","0.01"],["9700","10"],["9750","1"],["9800","5"],["9850","5"],["9852","0.999559"],["9869.69","100"],["9876","0.01"],["9950","5"],["9969.69","100"],["9988","0.4"],["9990","3.080675"],["9997","114.72997543"],["9997.02","10"],["9998.44","0.5"],["9998.8","10"],["9999","10.34069974"],["9999.39","0.9573875"],["9999.98","1"],["9999.99","12.16003016"],["10000","1160.01623434"],["10069.69","100"],["10220","10"],["10249","5"],["10420.69","29.3331139"],["10800","0.23148148"],["10980","5"],["11000","100"],["11050","0.04772394"],["11111","54.66"],["11111.11","1.1"],["11500","0.02"],["11999","5"],["12000","110.2500003"],["12000.29","0.08927422"],["12111","0.01"],["12231","1"],["12345.67","1.2"],["12444","0.5"],["12500","0.06"],["12890","5"],["13000","100"],["13452.97","0.48112"],["13496","1"],["13500","0.5"],["13542.36","1.1787"],["13694.25","1"],["14000","121.00457067"],["14050","0.96465345"],["14449.49","10"],["14500","0.50085149"],["14750","1"],["14890","5"],["14998","0.09684494"],["14999.99","1"],["15000","229.86827737"],["15250","0.03535392"],["15680","50"],["15888.01","127.14979655"],["16000","100"],["16450","10"],["16697","1"],["16777","1"],["16877","0.1"],["16977","0.1"],["17000","180.1"],["17077","0.2"],["17177","0.2"],["17277","0.2"],["17377","0.2"],["17477","0.2"],["17577","0.2"],["17677","0.2"],["17774","0.3"],["17777","1.1"],["17805.64","1.3"],["17877","0.1"],["17977","0.1"],["18000","123.65557365"],["18181","0.01"],["19000","110"],["19485","1"],["19500","8.18924018"],["19994.34","60.0482235"],["19998.8","10"],["19999","2.31761902"],["19999.99","1"],["20000","151.34590484"],["20295.2","0.54723451"],["21548.32","0.366"],["24000","10"],["24900","2"],["24999.99","16"],["25000","17.56285147"],["25421.39","0.39999"],["27924.57","0.7792"],["28280","24"],["29000","37"],["29900","10"],["29999","2"],["29999.98","1"],["29999.99","1"],["32000","1"],["32654.89","1.831"],["33000","211.83934495"],["34999.99","1"],["38888","0.3"],["39876.54","0.45"],["39900","10"],["39999","2"],["39999.98","1"],["39999.99","1"],["40000","2.15"],["44000","2"],["44999.99","1"],["46211.65","5"],["49990","4.13"],["49999","2"],["49999.99","1"],["50000","32.26957973"],["55000","2.91"],["55555","1.24141487"],["60000","3.1"],["74777","1"],["74999.99","1"],["75000","2"],["80231","1"],["93822.13","5"],["99234","0.68935486"],["99876","10"],["99998.44","0.5"],["99998.8","10"],["99999","4.11"],["99999.99","5"],["100000","116.14188201"],["106400","1"],["108000","1.618"],["112000","1.5259"],["123456.78","0.1"],["149999.99","1"],["150000","0.17"],["158000","0.1"],["199999.99","1"],["200000","0.1"],["225257.2","1"],["234567.89","1"],["237311.87","5"],["249999.99","30"],["250000","1"],["256256","26.77746773"],["279122","1"],["300000","0.1"],["400000","0.1"],["413161.8","10.86582029"],["472922.24","3"],["499999.99","3"],["500000","2"],["586999","0.1"],["600000","0.1"],["658586.15","1"],["680000","0.1"],["700000","0.1"],["723532.11","1"],["750000","1"],["800000","0.1"],["888888","5"],["897654.32","1"],["899000","0.1"],["914328","1.39"],["964422.42","1"],["988888","0.4"],["998837","1"],["999988.44","0.5"],["999997","0.29479267"],["999998","0.495"],["999999","8.01"],["999999.99","1"],["1000000","416.30536192"],["1500000","0.01"],["1765432","1"],["2001546.32","1"],["2100000","0.90136572"],["2499999.98","1.5715681"],["2567001.32","0.30957"],["6984899","0.1"],["8689599","0.01"],["9999999","2.1"],["10000000","2.02"],["11199999.97","8"],["15888888","0.1"],["19999999","0.1"],["20000000","0.1"],["36888848","0.1"],["37488521.18","0.1"],["50000000","0.00999996"],["63528819","0.01"],["68585288","0.1"],["99999999","2"],["99999999.99","1"],["388888888","0.1"],["651894984","0.01"],["656895995","0.01"],["688189999","0.1"],["858858888","0.01"],["1000000000","9.98018541"],["6261919911","0.01"],["9999999999","2.89172156"]]}
{"type":"subscriptions","channels":[{"name":"level2","product_ids":["ETH-USD"]}]}
{"type":"l2update","product_id":"ETH-USD","time":"2019-01-09T00:56:11.796Z","changes":[["buy","148.79000000","250.9854631"]]}
{"type":"l2update","product_id":"ETH-USD","time":"2019-01-09T00:56:11.797Z","changes":[["buy","148.68000000","0"]]}
{"type":"l2update","product_id":"ETH-USD","time":"2019-01-09T00:56:11.813Z","changes":[["buy","148.66000000","49.81181293"]]}
{"type":"l2update","product_id":"ETH-USD","time":"2019-01-09T00:56:11.823Z","changes":[["buy","148.59000000","273.524"]]}
{"type":"l2update","product_id":"ETH-USD","time":"2019-01-09T00:56:11.846Z","changes":[["sell","148.99000000","0"]]}
{"type":"l2update","product_id":"ETH-USD","time":"2019-01-09T00:56:11.858Z","changes":[["buy","148.79000000","247.9854631"]]}
{"type":"l2update","product_id":"ETH-USD","time":"2019-01-09T00:56:11.915Z","changes":[["sell","149.00000000","22.05"]]}
{"type":"l2update","product_id":"ETH-USD","time":"2019-01-09T00:56:11.923Z","changes":[["buy","148.66000000","20"]]}
{"type":"l2update","product_id":"ETH-USD","time":"2019-01-09T00:56:12.146Z","changes":[["sell","149.35000000","11.93418811"]]}
{"type":"l2update","product_id":"ETH-USD","time":"2019-01-09T00:56:12.163Z","changes":[["buy","148.76000000","29.81181293"]]}
{"type":"l2update","product_id":"ETH-USD","time":"2019-01-09T00:56:12.182Z","changes":[["sell","149.34000000","0"]]}
{"type":"l2update","product_id":"ETH-USD","time":"2019-01-09T00:56:12.221Z","changes":[["sell","149.36000000","44.65000402"]]}
{"type":"l2update","product_id":"ETH-USD","time":"2019-01-09T00:56:12.271Z","changes":[["sell","149.36000000","44.54000402"]]}
{"type":"l2update","product_id":"ETH-USD","time":"2019-01-09T00:56:12.857Z","changes":[["sell","148.80000000","0"]]}
{"type":"l2update","product_id":"ETH-USD","time":"2019-01-09T00:56:12.859Z","changes":[["sell","148.95000000","9.07830782"]]}
{"type":"l2update","product_id":"ETH-USD","time":"2019-01-09T00:56:12.861Z","changes":[["buy","148.79000000","244.9854631"]]}
{"type":"l2update","product_id":"ETH-USD","time":"2019-01-09T00:56:12.873Z","changes":[["buy","148.80000000","221"]]}
{"type":"l2update","product_id":"ETH-USD","time":"2019-01-09T00:56:12.876Z","changes":[["buy","148.79000000","232.9696631"]]}
{"type":"l2update","product_id":"ETH-USD","time":"2019-01-09T00:56:12.885Z","changes":[["buy","148.79000000","163.9696631"]]}
{"type":"l2update","product_id":"ETH-USD","time":"2019-01-09T00:56:12.889Z","changes":[["buy","148.81000000","20"]]}
{"type":"l2update","product_id":"ETH-USD","time":"2019-01-09T00:56:12.891Z","changes":[["buy","148.76000000","0"]]}
{"type":"l2update","product_id":"ETH-USD","time":"2019-01-09T00:56:12.900Z","changes":[["sell","149.22000000","0.05855684"]]}
{"type":"l2update","product_id":"ETH-USD","time":"2019-01-09T00:56:12.902Z","changes":[["sell","149.15000000","14.64057004"]]}
{"type":"l2update","product_id":"ETH-USD","time":"2019-01-09T00:56:12.909Z","changes":[["buy","148.79000000","163.8796631"]]}
{"type":"l2update","product_id":"ETH-USD","time":"2019-01-09T00:56:12.910Z","changes":[["sell","149.35000000","11.82418811"]]}
{"type":"l2update","product_id":"ETH-USD","time":"2019-01-09T00:56:12.920Z","changes":[["buy","148.79000000","163.6396631"]]}
{"type":"l2update","product_id":"ETH-USD","time":"2019-01-09T00:56:12.928Z","changes":[["buy","148.81000000","32.0158"]]}
{"type":"l2update","product_id":"ETH-USD","time":"2019-01-09T00:56:12.930Z","changes":[["sell","149.00000000","22"]]}
{"type":"l2update","product_id":"ETH-USD","time":"2019-01-09T00:56:12.940Z","changes":[["buy","148.45000000","362.67770293"]]}
{"type":"l2update","product_id":"ETH-USD","time":"2019-01-09T00:56:12.944Z","changes":[["buy","148.79000000","163.5496631"]]}
{"type":"l2update","product_id":"ETH-USD","time":"2019-01-09T00:56:12.965Z","changes":[["buy","148.82000000","29.81181293"]]}
{"type":"l2update","product_id":"ETH-USD","time":"2019-01-09T00:56:12.969Z","changes":[["buy","148.81000000","20"]]}
{"type":"l2update","product_id":"ETH-USD","time":"2019-01-09T00:56:12.972Z","changes":[["buy","148.79000000","80.5496631"]]}
{"type":"l2update","product_id":"ETH-USD","time":"2019-01-09T00:56:12.979Z","changes":[["buy","148.82000000","41.82761293"]]}
{"type":"l2update","product_id":"ETH-USD","time":"2019-01-09T00:56:12.989Z","changes":[["buy","148.82000000","12.0158"]]}
{"type":"l2update","product_id":"ETH-USD","time":"2019-01-09T00:56:12.998Z","changes":[["buy","148.79000000","80.4496631"]]}
{"type":"l2update","product_id":"ETH-USD","time":"2019-01-09T00:56:13.001Z","changes":[["sell","149.13000000","0.05"]]}
{"type":"l2update","product_id":"ETH-USD","time":"2019-01-09T00:56:13.001Z","changes":[["buy","148.79000000","60.4496631"]]}
{"type":"l2update","product_id":"ETH-USD","time":"2019-01-09T00:56:13.005Z","changes":[["buy","148.05000000","3"]]}
{"type":"l2update","product_id":"ETH-USD","time":"2019-01-09T00:56:13.058Z","changes":[["buy","148.20000000","177"]]}
{"type":"l2update","product_id":"ETH-USD","time":"2019-01-09T00:56:13.064Z","changes":[["buy","148.44000000","6.13838635"]]}
{"type":"l2update","product_id":"ETH-USD","time":"2019-01-09T00:56:13.071Z","changes":[["buy","148.59000000","278.03187124"]]}
{"type":"l2update","product_id":"ETH-USD","time":"2019-01-09T00:56:13.111Z","changes":[["sell","149.13000000","0"]]}
{"type":"l2update","product_id":"ETH-USD","time":"2019-01-09T00:56:13.123Z","changes":[["buy","148.82000000","41.82761293"]]}
{"type":"l2update","product_id":"ETH-USD","time":"2019-01-09T00:56:13.138Z","changes":[["buy","148.42000000","13.788"]]}
{"type":"l2update","product_id":"ETH-USD","time":"2019-01-09T00:56:13.141Z","changes":[["buy","148.21000000","6.27180755"]]}
{"type":"l2update","product_id":"ETH-USD","time":"2019-01-09T00:56:13.143Z","changes":[["buy","148.79000000","26.9396631"]]}
{"type":"l2update","product_id":"ETH-USD","time":"2019-01-09T00:56:13.149Z","changes":[["buy","148.13000000","10.12624046"]]}
{"type":"l2update","product_id":"ETH-USD","time":"2019-01-09T00:56:13.153Z","changes":[["buy","148.83000000","33.277"]]}
{"type":"l2update","product_id":"ETH-USD","time":"2019-01-09T00:56:13.160Z","changes":[["buy","148.82000000","29.81181293"]]}
{"type":"l2update","product_id":"ETH-USD","time":"2019-01-09T00:56:13.161Z","changes":[["buy","148.82000000","30.05181293"]]}
{"type":"l2update","product_id":"ETH-USD","time":"2019-01-09T00:56:13.163Z","changes":[["buy","148.66000000","0"]]}
{"type":"l2update","product_id":"ETH-USD","time":"2019-01-09T00:56:13.173Z","changes":[["buy","148.84000000","20"]]}
{"type":"l2update","product_id":"ETH-USD","time":"2019-01-09T00:56:13.174Z","changes":[["buy","148.83000000","45.2928"]]}
{"type":"l2update","product_id":"ETH-USD","time":"2019-01-09T00:56:13.187Z","changes":[["sell","149.10000000","0.05"]]}
{"type":"l2update","product_id":"ETH-USD","time":"2019-01-09T00:56:13.195Z","changes":[["buy","148.82000000","0.24"]]}
{"type":"l2update","product_id":"ETH-USD","time":"2019-01-09T00:56:13.196Z","changes":[["buy","148.82000000","0"]]}
{"type":"l2update","product_id":"ETH-USD","time":"2019-01-09T00:56:13.219Z","changes":[["buy","148.21000000","13.45393364"]]}
{"type":"l2update","product_id":"ETH-USD","time":"2019-01-09T00:56:13.222Z","changes":[["buy","148.44000000","10.41495481"]]}
{"type":"l2update","product_id":"ETH-USD","time":"2019-01-09T00:56:13.239Z","changes":[["buy","148.79000000","26.8396631"]]}
{"type":"l2update","product_id":"ETH-USD","time":"2019-01-09T00:56:13.240Z","changes":[["buy","148.85000000","0.24"]]}
{"type":"l2update","product_id":"ETH-USD","time":"2019-01-09T00:56:13.247Z","changes":[["buy","148.42000000","12.518"]]}
{"type":"l2update","product_id":"ETH-USD","time":"2019-01-09T00:56:13.257Z","changes":[["buy","148.85000000","30.05181293"]]}
{"type":"l2update","product_id":"ETH-USD","time":"2019-01-09T00:56:13.265Z","changes":[["buy","148.85000000","0.24"]]}
{"type":"l2update","product_id":"ETH-USD","time":"2019-01-09T00:56:13.289Z","changes":[["sell","149.10000000","0"]]}
{"type":"l2update","product_id":"ETH-USD","time":"2019-01-09T00:56:13.291Z","changes":[["buy","148.85000000","0"]]}
{"type":"l2update","product_id":"ETH-USD","time":"2019-01-09T00:56:13.295Z","changes":[["buy","148.21000000","19.16732807"]]}
{"type":"l2update","product_id":"ETH-USD","time":"2019-01-09T00:56:13.298Z","changes":[["buy","148.81000000","20.1"]]}
{"type":"l2update","product_id":"ETH-USD","time":"2019-01-09T00:56:13.327Z","changes":[["buy","148.85000000","0.24"]]}
{"type":"l2update","product_id":"ETH-USD","time":"2019-01-09T00:56:13.330Z","changes":[["sell","149.08000000","29.12"]]}
{"type":"l2update","product_id":"ETH-USD","time":"2019-01-09T00:56:13.333Z","changes":[["buy","148.85000000","30.05181293"]]}
{"type":"l2update","product_id":"ETH-USD","time":"2019-01-09T00:56:13.370Z","changes":[["buy","148.85000000","29.81181293"]]}
{"type":"l2update","product_id":"ETH-USD","time":"2019-01-09T00:56:13.380Z","changes":[["buy","148.44000000","11.68495481"]]}
{"type":"l2update","product_id":"ETH-USD","time":"2019-01-09T00:56:13.384Z","changes":[["sell","149.08000000","29.07"]]}
{"type":"l2update","product_id":"ETH-USD","time":"2019-01-09T00:56:13.397Z","changes":[["buy","148.86000000","0.24"]]}
{"type":"l2update","product_id":"ETH-USD","time":"2019-01-09T00:56:13.407Z","changes":[["buy","148.87000000","20"]]}
{"type":"l2update","product_id":"ETH-USD","time":"2019-01-09T00:56:13.413Z","changes":[["buy","148.85000000","0"]]}
{"type":"l2update","product_id":"ETH-USD","time":"2019-01-09T00:56:13.415Z","changes":[["buy","148.86000000","0"]]}
{"type":"l2update","product_id":"ETH-USD","time":"2019-01-09T00:56:13.426Z","changes":[["sell","149.09000000","0.05"]]}
{"type":"l2update","product_id":"ETH-USD","time":"2019-01-09T00:56:13.447Z","changes":[["buy","148.88000000","0.24"]]}
{"type":"l2update","product_id":"ETH-USD","time":"2019-01-09T00:56:13.460Z","changes":[["buy","148.88000000","0.26129231"]]}
{"type":"l2update","product_id":"ETH-USD","time":"2019-01-09T00:56:13.476Z","changes":[["buy","148.85000000","29.81181293"]]}
{"type":"l2update","product_id":"ETH-USD","time":"2019-01-09T00:56:13.480Z","changes":[["buy","148.88000000","0.02129231"]]}
{"type":"l2update","product_id":"ETH-USD","time":"2019-01-09T00:56:13.488Z","changes":[["buy","148.80000000","0"]]}
{"type":"l2update","product_id":"ETH-USD","time":"2019-01-09T00:56:13.490Z","changes":[["sell","149.09000000","0"]]}
{"type":"l2update","product_id":"ETH-USD","time":"2019-01-09T00:56:13.493Z","changes":[["buy","148.85000000","0"]]}
{"type":"l2update","product_id":"ETH-USD","time":"2019-01-09T00:56:13.505Z","changes":[["buy","148.89000000","0.24"]]}
{"type":"l2update","product_id":"ETH-USD","time":"2019-01-09T00:56:13.506Z","changes":[["sell","148.94000000","20"]]}
{"type":"l2update","product_id":"ETH-USD","time":"2019-01-09T00:56:13.519Z","changes":[["sell","149.15000000","9.35884921"]]}
{"type":"l2update","product_id":"ETH-USD","time":"2019-01-09T00:56:13.524Z","changes":[["buy","148.61000000","50.0377"]]}
{"type":"l2update","product_id":"ETH-USD","time":"2019-01-09T00:56:13.528Z","changes":[["buy","148.62000000","55.3171934"]]}
{"type":"l2update","product_id":"ETH-USD","time":"2019-01-09T00:56:13.537Z","changes":[["buy","148.61000000","0.0677"]]}
{"type":"l2update","product_id":"ETH-USD","time":"2019-01-09T00:56:13.541Z","changes":[["sell","149.39000000","0"]]}
{"type":"l2update","product_id":"ETH-USD","time":"2019-01-09T00:56:13.543Z","changes":[["sell","149.35000000","4.93569971"]]}
{"type":"l2update","product_id":"ETH-USD","time":"2019-01-09T00:56:13.544Z","changes":[["sell","149.67000000","10.1357111"]]}
{"type":"l2update","product_id":"ETH-USD","time":"2019-01-09T00:56:13.545Z","changes":[["sell","149.35000000","0"]]}
{"type":"l2update","product_id":"ETH-USD","time":"2019-01-09T00:56:13.547Z","changes":[["buy","148.62000000","110.3171934"]]}
{"type":"l2update","product_id":"ETH-USD","time":"2019-01-09T00:56:13.550Z","changes":[["sell","149.67000000","14.21347334"]]}
{"type":"l2update","product_id":"ETH-USD","time":"2019-01-09T00:56:13.553Z","changes":[["sell","149.23000000","4.93569971"]]}
{"type":"l2update","product_id":"ETH-USD","time":"2019-01-09T00:56:13.553Z","changes":[["buy","148.88000000","0"]]}
{"type":"l2update","product_id":"ETH-USD","time":"2019-01-09T00:56:13.555Z","changes":[["buy","148.76000000","29.81181293"]]}
{"type":"l2update","product_id":"ETH-USD","time":"2019-01-09T00:56:13.557Z","changes":[["sell","149.47000000","45.10227909"]]}
{"type":"l2update","product_id":"ETH-USD","time":"2019-01-09T00:56:13.567Z","changes":[["sell","149.07000000","50.05"]]}
{"type":"l2update","product_id":"ETH-USD","time":"2019-01-09T00:56:13.570Z","changes":[["buy","148.90000000","0.02128945"]]}
{"type":"l2update","product_id":"ETH-USD","time":"2019-01-09T00:56:13.582Z","changes":[["buy","148.89000000","0"]]}
{"type":"l2update","product_id":"ETH-USD","time":"2019-01-09T00:56:13.583Z","changes":[["buy","148.62000000","55.3171934"]]}
{"type":"l2update","product_id":"ETH-USD","time":"2019-01-09T00:56:13.593Z","changes":[["buy","148.59000000","273.524"]]}
{"type":"l2update","product_id":"ETH-USD","time":"2019-01-09T00:56:13.594Z","changes":[["buy","148.64000000","5.0455459"]]}
{"type":"l2update","product_id":"ETH-USD","time":"2019-01-09T00:56:13.595Z","changes":[["sell","149.67000000","9.41481856"]]}
{"type":"l2update","product_id":"ETH-USD","time":"2019-01-09T00:56:13.596Z","changes":[["sell","149.67000000","4.07776224"]]}
{"type":"l2update","product_id":"ETH-USD","time":"2019-01-09T00:56:13.604Z","changes":[["buy","148.79000000","32.73095752"]]}
{"type":"l2update","product_id":"ETH-USD","time":"2019-01-09T00:56:13.608Z","changes":[["buy","148.91000000","0.24"]]}
{"type":"l2update","product_id":"ETH-USD","time":"2019-01-09T00:56:13.611Z","changes":[["sell","149.07000000","50"]]}
{"type":"l2update","product_id":"ETH-USD","time":"2019-01-09T00:56:13.619Z","changes":[["buy","148.13000000","0"]]}
{"type":"l2update","product_id":"ETH-USD","time":"2019-01-09T00:56:13.620Z","changes":[["buy","148.93000000","1.23142959"]]}
{"type":"l2update","product_id":"ETH-USD","time":"2019-01-09T00:56:13.633Z","changes":[["buy","148.93000000","3"]]}
{"type":"l2update","product_id":"ETH-USD","time":"2019-01-09T00:56:13.641Z","changes":[["buy","148.91000000","0"]]}
{"type":"l2update","product_id":"ETH-USD","time":"2019-01-09T00:56:13.656Z","changes":[["sell","149.04000000","0.05"]]}
{"type":"l2update","product_id":"ETH-USD","time":"2019-01-09T00:56:13.657Z","changes":[["buy","148.44000000","7.40838635"]]}
{"type":"l2update","product_id":"ETH-USD","time":"2019-01-09T00:56:13.660Z","changes":[["buy","148.79000000","27.01129442"]]}
{"type":"l2update","product_id":"ETH-USD","time":"2019-01-09T00:56:13.661Z","changes":[["sell","149.08000000","8.87"]]}
{"type":"l2update","product_id":"ETH-USD","time":"2019-01-09T00:56:13.662Z","changes":[["sell","149.15000000","4.89974488"]]}
{"type":"l2update","product_id":"ETH-USD","time":"2019-01-09T00:56:13.663Z","changes":[["buy","148.21000000","13.45393364"]]}
{"type":"l2update","product_id":"ETH-USD","time":"2019-01-09T00:56:13.664Z","changes":[["sell","153.00000000","223.24964412"]]}
{"type":"l2update","product_id":"ETH-USD","time":"2019-01-09T00:56:13.668Z","changes":[["sell","149.05000000","4.45910433"]]}
{"type":"l2update","product_id":"ETH-USD","time":"2019-01-09T00:56:13.669Z","changes":[["buy","148.90000000","0"]]}
{"type":"l2update","product_id":"ETH-USD","time":"2019-01-09T00:56:13.670Z","changes":[["sell","149.67000000","10.58416703"]]}
{"type":"l2update","product_id":"ETH-USD","time":"2019-01-09T00:56:13.673Z","changes":[["sell","149.77000000","4.46838419"]]}
{"type":"l2update","product_id":"ETH-USD","time":"2019-01-09T00:56:13.674Z","changes":[["buy","148.93000000","3.24"]]}
{"type":"l2update","product_id":"ETH-USD","time":"2019-01-09T00:56:13.676Z","changes":[["buy","148.24000000","10.61872639"]]}
{"type":"l2update","product_id":"ETH-USD","time":"2019-01-09T00:56:13.678Z","changes":[["sell","149.01000000","20.67321935"]]}
{"type":"l2update","product_id":"ETH-USD","time":"2019-01-09T00:56:13.681Z","changes":[["buy","148.93000000","3.26128516"]]}
{"type":"l2update","product_id":"ETH-USD","time":"2019-01-09T00:56:13.690Z","changes":[["buy","148.21000000","6.27180755"]]}
{"type":"l2update","product_id":"ETH-USD","time":"2019-01-09T00:56:13.691Z","changes":[["buy","148.21000000","0.5"]]}
{"type":"l2update","product_id":"ETH-USD","time":"2019-01-09T00:56:13.692Z","changes":[["buy","148.44000000","1.77"]]}
{"type":"l2update","product_id":"ETH-USD","time":"2019-01-09T00:56:13.693Z","changes":[["buy","148.79000000","21.12"]]}
{"type":"l2update","product_id":"ETH-USD","time":"2019-01-09T00:56:13.705Z","changes":[["sell","149.04000000","0"]]}
{"type":"l2update","product_id":"ETH-USD","time":"2019-01-09T00:56:13.730Z","changes":[["sell","149.67000000","6.50640479"]]}
{"type":"l2update","product_id":"ETH-USD","time":"2019-01-09T00:56:13.753Z","changes":[["buy","148.81000000","20"]]}
{"type":"l2update","product_id":"ETH-USD","time":"2019-01-09T00:56:13.762Z","changes":[["buy","148.64000000","10.68393225"]]}
{"type":"l2update","product_id":"ETH-USD","time":"2019-01-09T00:56:13.765Z","changes":[["sell","149.47000000","49.18004133"]]}
{"type":"l2update","product_id":"ETH-USD","time":"2019-01-09T00:56:13.768Z","changes":[["sell","149.36000000","44.64000402"]]}
{"type":"l2update","product_id":"ETH-USD","time":"2019-01-09T00:56:13.770Z","changes":[["buy","148.89000000","0.1"]]}
{"type":"l2update","product_id":"ETH-USD","time":"2019-01-09T00:56:13.771Z","changes":[["sell","149.67000000","11.74503066"]]}
{"type":"l2update","product_id":"ETH-USD","time":"2019-01-09T00:56:13.771Z","changes":[["buy","148.44000000","8.95212609"]]}
{"type":"l2update","product_id":"ETH-USD","time":"2019-01-09T00:56:13.778Z","changes":[["buy","148.44000000","14.72393364"]]}
{"type":"l2update","product_id":"ETH-USD","time":"2019-01-09T00:56:13.787Z","changes":[["buy","148.21000000","5.73862587"]]}
{"type":"l2update","product_id":"ETH-USD","time":"2019-01-09T00:56:13.788Z","changes":[["sell","149.22000000","0.04855684"]]}
{"type":"l2update","product_id":"ETH-USD","time":"2019-01-09T00:56:13.789Z","changes":[["buy","148.79000000","21"]]}
{"type":"l2update","product_id":"ETH-USD","time":"2019-01-09T00:56:13.796Z","changes":[["sell","149.47000000","43.21776224"]]}
{"type":"l2update","product_id":"ETH-USD","time":"2019-01-09T00:56:13.804Z","changes":[["sell","149.67000000","16.69784924"]]}
{"type":"l2update","product_id":"ETH-USD","time":"2019-01-09T00:56:13.807Z","changes":[["sell","149.29000000","5.96227909"]]}
{"type":"l2update","product_id":"ETH-USD","time":"2019-01-09T00:56:13.816Z","changes":[["sell","149.43000000","5.38900233"]]}
{"type":"l2update","product_id":"ETH-USD","time":"2019-01-09T00:56:13.817Z","changes":[["buy","148.23000000","0"]]}
{"type":"l2update","product_id":"ETH-USD","time":"2019-01-09T00:56:13.823Z","changes":[["buy","148.64000000","5.63838635"]]}
{"type":"l2update","product_id":"ETH-USD","time":"2019-01-09T00:56:13.825Z","changes":[["sell","149.23000000","0"]]}
{"type":"l2update","product_id":"ETH-USD","time":"2019-01-09T00:56:13.825Z","changes":[["sell","149.15000000","0"]]}
{"type":"l2update","product_id":"ETH-USD","time":"2019-01-09T00:56:13.832Z","changes":[["buy","148.78000000","5.0455459"]]}
{"type":"l2update","product_id":"ETH-USD","time":"2019-01-09T00:56:13.833Z","changes":[["sell","149.15000000","4.93569971"]]}
{"type":"l2update","product_id":"ETH-USD","time":"2019-01-09T00:56:13.835Z","changes":[["sell","149.09000000","4.89974488"]]}
{"type":"l2update","product_id":"ETH-USD","time":"2019-01-09T00:56:13.836Z","changes":[["buy","148.21000000","11.03628365"]]}
{"type":"l2update","product_id":"ETH-USD","time":"2019-01-09T00:56:13.856Z","changes":[["sell","149.51000000","500"]]}
{"type":"l2update","product_id":"ETH-USD","time":"2019-01-09T00:56:13.859Z","changes":[["buy","148.31000000","503"]]}
{"type":"l2update","product_id":"ETH-USD","time":"2019-01-09T00:56:13.867Z","changes":[["buy","148.44000000","8.95212609"]]}
{"type":"l2update","product_id":"ETH-USD","time":"2019-01-09T00:56:13.868Z","changes":[["sell","149.47000000","39.14"]]}
{"type":"l2update","product_id":"ETH-USD","time":"2019-01-09T00:56:13.869Z","changes":[["sell","149.77000000","0"]]}
{"type":"l2update","product_id":"ETH-USD","time":"2019-01-09T00:56:13.887Z","changes":[["buy","148.34000000","6.48148404"]]}
{"type":"l2update","product_id":"ETH-USD","time":"2019-01-09T00:56:13.889Z","changes":[["buy","148.64000000","11.4101939"]]}
{"type":"l2update","product_id":"ETH-USD","time":"2019-01-09T00:56:13.918Z","changes":[["buy","148.62000000","51.28"]]}
{"type":"l2update","product_id":"ETH-USD","time":"2019-01-09T00:56:13.934Z","changes":[["sell","149.67000000","11.45922337"]]}
{"type":"l2update","product_id":"ETH-USD","time":"2019-01-09T00:56:13.936Z","changes":[["sell","149.67000000","4.95281858"]]}
{"type":"l2update","product_id":"ETH-USD","time":"2019-01-09T00:56:13.937Z","changes":[["buy","148.64000000","5.77180755"]]}
{"type":"l2update","product_id":"ETH-USD","time":"2019-01-09T00:56:13.941Z","changes":[["buy","148.93000000","3.02128516"]]}
{"type":"l2update","product_id":"ETH-USD","time":"2019-01-09T00:56:13.942Z","changes":[["sell","149.47000000","44.37862587"]]}
{"type":"l2update","product_id":"ETH-USD","time":"2019-01-09T00:56:13.944Z","changes":[["sell","149.08000000","0"]]}
{"type":"l2update","product_id":"ETH-USD","time":"2019-01-09T00:56:13.945Z","changes":[["buy","148.78000000","10.68393225"]]}
{"type":"l2update","product_id":"ETH-USD","time":"2019-01-09T00:56:13.948Z","changes":[["sell","149.67000000","9.48233395"]]}
{"type":"l2update","product_id":"ETH-USD","time":"2019-01-09T00:56:13.950Z","changes":[["sell","149.47000000","50.88503066"]]}
{"type":"l2update","product_id":"ETH-USD","time":"2019-01-09T00:56:13.977Z","changes":[["buy","148.49000000","445.04283036"]]}
{"type":"l2update","product_id":"ETH-USD","time":"2019-01-09T00:56:14.032Z","changes":[["buy","148.44000000","1.77"]]}
{"type":"l2update","product_id":"ETH-USD","time":"2019-01-09T00:56:14.072Z","changes":[["buy","148.89000000","0.2"]]}
{"type":"l2update","product_id":"ETH-USD","time":"2019-01-09T00:56:14.098Z","changes":[["buy","148.44000000","0.5"]]}
{"type":"l2update","product_id":"ETH-USD","time":"2019-01-09T00:56:14.102Z","changes":[["sell","149.67000000","4.52951537"]]}
{"type":"l2update","product_id":"ETH-USD","time":"2019-01-09T00:56:14.111Z","changes":[["sell","149.47000000","55.83784924"]]}
{"type":"l2update","product_id":"ETH-USD","time":"2019-01-09T00:56:14.112Z","changes":[["buy","148.21000000","15.65514701"]]}
{"type":"l2update","product_id":"ETH-USD","time":"2019-01-09T00:56:14.115Z","changes":[["sell","149.67000000","9.14837873"]]}
{"type":"l2update","product_id":"ETH-USD","time":"2019-01-09T00:56:14.116Z","changes":[["buy","148.58000000","7.18212609"]]}
{"type":"l2update","product_id":"ETH-USD","time":"2019-01-09T00:56:14.345Z","changes":[["buy","148.53000000","1.27"]]}
{"type":"l2update","product_id":"ETH-USD","time":"2019-01-09T00:56:14.382Z","changes":[["sell","149.04000000","0.05"]]}
{"type":"l2update","product_id":"ETH-USD","time":"2019-01-09T00:56:14.385Z","changes":[["sell","149.32000000","8.333"]]}
{"type":"l2update","product_id":"ETH-USD","time":"2019-01-09T00:56:14.421Z","changes":[["buy","148.89000000","0.23"]]}
{"type":"l2update","product_id":"ETH-USD","time":"2019-01-09T00:56:14.443Z","changes":[["sell","149.36000000","44.54000402"]]}
{"type":"l2update","product_id":"ETH-USD","time":"2019-01-09T00:56:14.445Z","changes":[["sell","149.32000000","8.233"]]}
{"type":"l2update","product_id":"ETH-USD","time":"2019-01-09T00:56:14.475Z","changes":[["buy","148.83000000","12.0158"]]}
{"type":"l2update","product_id":"ETH-USD","time":"2019-01-09T00:56:14.485Z","changes":[["buy","148.86000000","33.273"]]}
{"type":"l2update","product_id":"ETH-USD","time":"2019-01-09T00:56:14.494Z","changes":[["buy","148.59000000","73.524"]]}
{"type":"l2update","product_id":"ETH-USD","time":"2019-01-09T00:56:14.501Z","changes":[["buy","148.76000000","0"]]}
{"type":"l2update","product_id":"ETH-USD","time":"2019-01-09T00:56:14.530Z","changes":[["buy","148.68000000","200"]]}
{"type":"l2update","product_id":"ETH-USD","time":"2019-01-09T00:56:14.531Z","changes":[["sell","149.34000000","0.1"]]}
{"type":"l2update","product_id":"ETH-USD","time":"2019-01-09T00:56:14.547Z","changes":[["sell","149.04000000","0"]]}
{"type":"l2update","product_id":"ETH-USD","time":"2019-01-09T00:56:14.568Z","changes":[["buy","148.81000000","49.81181293"]]}
{"type":"l2update","product_id":"ETH-USD","time":"2019-01-09T00:56:14.580Z","changes":[["sell","149.06000000","0.05"]]}
{"type":"l2update","product_id":"ETH-USD","time":"2019-01-09T00:56:14.596Z","changes":[["buy","148.93000000","3.26128516"]]}
{"type":"l2update","product_id":"ETH-USD","time":"2019-01-09T00:56:14.640Z","changes":[["sell","149.06000000","0"]]}
{"type":"l2update","product_id":"ETH-USD","time":"2019-01-09T00:56:14.654Z","changes":[["buy","148.62000000","0"]]}
{"type":"l2update","product_id":"ETH-USD","time":"2019-01-09T00:56:14.655Z","changes":[["buy","148.81000000","20"]]}
{"type":"l2update","product_id":"ETH-USD","time":"2019-01-09T00:56:14.707Z","changes":[["buy","148.93000000","3.02128516"]]}
{"type":"l2update","product_id":"ETH-USD","time":"2019-01-09T00:56:14.717Z","changes":[["sell","149.07000000","50.05"]]}
{"type":"l2update","product_id":"ETH-USD","time":"2019-01-09T00:56:14.723Z","changes":[["buy","148.79000000","50.81181293"]]}
{"type":"l2update","product_id":"ETH-USD","time":"2019-01-09T00:56:14.727Z","changes":[["buy","148.69000000","49.75"]]}
{"type":"l2update","product_id":"ETH-USD","time":"2019-01-09T00:56:14.738Z","changes":[["buy","148.79000000","21"]]}
{"type":"l2update","product_id":"ETH-USD","time":"2019-01-09T00:56:14.760Z","changes":[["buy","148.89000000","0.24"]]}
{"type":"l2update","product_id":"ETH-USD","time":"2019-01-09T00:56:14.767Z","changes":[["sell","149.07000000","50"]]}
{"type":"l2update","product_id":"ETH-USD","time":"2019-01-09T00:56:14.788Z","changes":[["buy","148.45000000","0"]]}
{"type":"l2update","product_id":"ETH-USD","time":"2019-01-09T00:56:14.800Z","changes":[["buy","148.81000000","49.81181293"]]}
{"type":"l2update","product_id":"ETH-USD","time":"2019-01-09T00:56:14.811Z","changes":[["sell","149.06000000","0.05"]]}
{"type":"l2update","product_id":"ETH-USD","time":"2019-01-09T00:56:14.813Z","changes":[["buy","148.93000000","3.26128516"]]}
{"type":"l2update","product_id":"ETH-USD","time":"2019-01-09T00:56:14.832Z","changes":[["buy","148.93000000","3.02128516"]]}
{"type":"l2update","product_id":"ETH-USD","time":"2019-01-09T00:56:14.865Z","changes":[["sell","149.06000000","0"]]}
{"type":"l2update","product_id":"ETH-USD","time":"2019-01-09T00:56:14.866Z","changes":[["buy","148.93000000","3.26128516"]]}
{"type":"l2update","product_id":"ETH-USD","time":"2019-01-09T00:56:14.867Z","changes":[["sell","149.35000000","0.1"]]}
{"type":"l2update","product_id":"ETH-USD","time":"2019-01-09T00:56:14.869Z","changes":[["buy","148.81000000","20"]]}
{"type":"l2update","product_id":"ETH-USD","time":"2019-01-09T00:56:14.895Z","changes":[["sell","149.34000000","0"]]}
{"type":"l2update","product_id":"ETH-USD","time":"2019-01-09T00:56:14.906Z","changes":[["buy","148.93000000","3.02128516"]]}
{"type":"l2update","product_id":"ETH-USD","time":"2019-01-09T00:56:14.908Z","changes":[["sell","149.05000000","4.50910433"]]}
{"type":"l2update","product_id":"ETH-USD","time":"2019-01-09T00:56:14.917Z","changes":[["buy","148.69000000","0"]]}
{"type":"l2update","product_id":"ETH-USD","time":"2019-01-09T00:56:14.931Z","changes":[["buy","148.81000000","49.81181293"]]}
{"type":"l2update","product_id":"ETH-USD","time":"2019-01-09T00:56:14.931Z","changes":[["buy","148.68000000","0"]]}
{"type":"l2update","product_id":"ETH-USD","time":"2019-01-09T00:56:14.935Z","changes":[["buy","148.81000000","20"]]}
{"type":"l2update","product_id":"ETH-USD","time":"2019-01-09T00:56:14.956Z","changes":[["buy","148.59000000","273.524"]]}
{"type":"l2update","product_id":"ETH-USD","time":"2019-01-09T00:56:14.963Z","changes":[["buy","148.69000000","52.96"]]}
{"type":"l2update","product_id":"ETH-USD","time":"2019-01-09T00:56:14.964Z","changes":[["sell","149.36000000","0"]]}
{"type":"l2update","product_id":"ETH-USD","time":"2019-01-09T00:56:14.975Z","changes":[["sell","149.16000000","200"]]}
{"type":"l2update","product_id":"ETH-USD","time":"2019-01-09T00:56:14.976Z","changes":[["sell","149.05000000","4.45910433"]]}
{"type":"l2update","product_id":"ETH-USD","time":"2019-01-09T00:56:14.997Z","changes":[["buy","148.79000000","50.81181293"]]}
{"type":"l2update","product_id":"ETH-USD","time":"2019-01-09T00:56:15.038Z","changes":[["sell","149.05000000","4.50910433"]]}
{"type":"l2update","product_id":"ETH-USD","time":"2019-01-09T00:56:15.108Z","changes":[["buy","148.89000000","0.25"]]}
{"type":"l2update","product_id":"ETH-USD","time":"2019-01-09T00:56:15.137Z","changes":[["sell","149.29000000","95.04054957"]]}
{"type":"l2update","product_id":"ETH-USD","time":"2019-01-09T00:56:15.326Z","changes":[["sell","149.17000000","18.99925455"]]}
{"type":"l2update","product_id":"ETH-USD","time":"2019-01-09T00:56:15.327Z","changes":[["sell","149.07000000","0"]]}
{"type":"l2update","product_id":"ETH-USD","time":"2019-01-09T00:56:15.331Z","changes":[["buy","148.79000000","21"]]}
{"type":"l2update","product_id":"ETH-USD","time":"2019-01-09T00:56:15.365Z","changes":[["sell","149.14000000","100"]]}
{"type":"l2update","product_id":"ETH-USD","time":"2019-01-09T00:56:15.370Z","changes":[["sell","149.04000000","50"]]}
{"type":"l2update","product_id":"ETH-USD","time":"2019-01-09T00:56:15.376Z","changes":[["sell","149.28000000","0.1"]]}
{"type":"l2update","product_id":"ETH-USD","time":"2019-01-09T00:56:15.397Z","changes":[["buy","148.79000000","50.81181293"]]}
{"type":"l2update","product_id":"ETH-USD","time":"2019-01-09T00:56:15.401Z","changes":[["sell","149.35000000","0"]]}
{"type":"l2update","product_id":"ETH-USD","time":"2019-01-09T00:56:15.402Z","changes":[["sell","149.05000000","4.45910433"]]}
{"type":"l2update","product_id":"ETH-USD","time":"2019-01-09T00:56:15.433Z","changes":[["sell","149.05000000","4.50910433"]]}
{"type":"l2update","product_id":"ETH-USD","time":"2019-01-09T00:56:15.462Z","changes":[["sell","149.36000000","89.07669389"]]}
{"type":"l2update","product_id":"ETH-USD","time":"2019-01-09T00:56:15.656Z","changes":[["sell","149.29000000","5.96227909"]]}
{"type":"l2update","product_id":"ETH-USD","time":"2019-01-09T00:56:15.662Z","changes":[["sell","149.29000000","6.06227909"]]}
{"type":"l2update","product_id":"ETH-USD","time":"2019-01-09T00:56:15.712Z","changes":[["sell","149.28000000","0"]]}
{"type":"l2update","product_id":"ETH-USD","time":"2019-01-09T00:56:15.827Z","changes":[["buy","148.93000000","3.26128516"]]}
{"type":"l2update","product_id":"ETH-USD","time":"2019-01-09T00:56:15.869Z","changes":[["buy","148.93000000","3.02128516"]]}
{"type":"l2update","product_id":"ETH-USD","time":"2019-01-09T00:56:15.898Z","changes":[["buy","148.89000000","0.24"]]}
{"type":"l2update","product_id":"ETH-USD","time":"2019-01-09T00:56:15.898Z","changes":[["buy","148.69000000","0"]]}
{"type":"l2update","product_id":"ETH-USD","time":"2019-01-09T00:56:15.899Z","changes":[["sell","149.05000000","4.45910433"]]}
{"type":"l2update","product_id":"ETH-USD","time":"2019-01-09T00:56:15.902Z","changes":[["sell","149.19000000","51.01"]]}
{"type":"l2update","product_id":"ETH-USD","time":"2019-01-09T00:56:15.902Z","changes":[["buy","148.79000000","21"]]}
{"type":"l2update","product_id":"ETH-USD","time":"2019-01-09T00:56:15.908Z","changes":[["buy","148.61000000","42.8477"]]}
{"type":"l2update","product_id":"ETH-USD","time":"2019-01-09T00:56:15.909Z","changes":[["sell","149.29000000","5.96227909"]]}
{"type":"l2update","product_id":"ETH-USD","time":"2019-01-09T00:56:15.912Z","changes":[["buy","148.62000000","46.55"]]}
{"type":"l2update","product_id":"ETH-USD","time":"2019-01-09T00:56:15.921Z","changes":[["buy","148.89000000","0.23"]]}
{"type":"l2update","product_id":"ETH-USD","time":"2019-01-09T00:56:15.929Z","changes":[["buy","148.61000000","0.0677"]]}
{"type":"l2update","product_id":"ETH-USD","time":"2019-01-09T00:56:15.941Z","changes":[["sell","149.05000000","4.50910433"]]}
{"type":"l2update","product_id":"ETH-USD","time":"2019-01-09T00:56:15.965Z","changes":[["buy","148.76000000","29.81181293"]]}
{"type":"l2update","product_id":"ETH-USD","time":"2019-01-09T00:56:15.986Z","changes":[["buy","148.89000000","0.2"]]}
{"type":"l2update","product_id":"ETH-USD","time":"2019-01-09T00:56:16.014Z","changes":[["buy","148.89000000","0.1"]]}
{"type":"l2update","product_id":"ETH-USD","time":"2019-01-09T00:56:16.217Z","changes":[["sell","149.40000000","0"]]}
{"type":"l2update","product_id":"ETH-USD","time":"2019-01-09T00:56:16.222Z","changes":[["sell","149.20000000","50.01"]]}
{"type":"l2update","product_id":"ETH-USD","time":"2019-01-09T00:56:16.281Z","changes":[["sell","149.19000000","51"]]}
{"type":"l2update","product_id":"ETH-USD","time":"2019-01-09T00:56:16.542Z","changes":[["buy","148.89000000","0.19"]]}
{"type":"l2update","product_id":"ETH-USD","time":"2019-01-09T00:56:16.896Z","changes":[["sell","149.61000000","6.94853169"]]}
{"type":"l2update","product_id":"ETH-USD","time":"2019-01-09T00:56:16.909Z","changes":[["sell","149.23000000","0.01"]]}
{"type":"l2update","product_id":"ETH-USD","time":"2019-01-09T00:56:16.912Z","changes":[["buy","148.89000000","0.23"]]}
{"type":"l2update","product_id":"ETH-USD","time":"2019-01-09T00:56:16.923Z","changes":[["sell","149.54000000","74.37"]]}
{"type":"l2update","product_id":"ETH-USD","time":"2019-01-09T00:56:16.934Z","changes":[["sell","149.20000000","50"]]}
{"type":"l2update","product_id":"ETH-USD","time":"2019-01-09T00:56:16.935Z","changes":[["buy","148.89000000","0.19"]]}
{"type":"l2update","product_id":"ETH-USD","time":"2019-01-09T00:56:16.946Z","changes":[["sell","149.05000000","4.45910433"]]}
{"type":"l2update","product_id":"ETH-USD","time":"2019-01-09T00:56:16.996Z","changes":[["buy","148.89000000","0.1"]]}
{"type":"l2update","product_id":"ETH-USD","time":"2019-01-09T00:56:17.047Z","changes":[["sell","149.29000000","95.04054957"]]}
{"type":"l2update","product_id":"ETH-USD","time":"2019-01-09T00:56:17.069Z","changes":[["sell","149.05000000","4.50910433"]]}
{"type":"l2update","product_id":"ETH-USD","time":"2019-01-09T00:56:17.526Z","changes":[["buy","148.32000000","81.67184269"]]}
{"type":"l2update","product_id":"ETH-USD","time":"2019-01-09T00:56:17.580Z","changes":[["buy","148.87000000","20.23"]]}
{"type":"l2update","product_id":"ETH-USD","time":"2019-01-09T00:56:17.599Z","changes":[["buy","148.89000000","0"]]}
{"type":"l2update","product_id":"ETH-USD","time":"2019-01-09T00:56:17.657Z","changes":[["sell","149.36000000","0"]]}
{"type":"l2update","product_id":"ETH-USD","time":"2019-01-09T00:56:18.143Z","changes":[["buy","148.59000000","73.524"]]}
{"type":"l2update","product_id":"ETH-USD","time":"2019-01-09T00:56:18.151Z","changes":[["buy","148.76000000","0"]]}
{"type":"l2update","product_id":"ETH-USD","time":"2019-01-09T00:56:18.219Z","changes":[["buy","148.75000000","29.97181293"]]}
{"type":"l2update","product_id":"ETH-USD","time":"2019-01-09T00:56:18.281Z","changes":[["buy","148.68000000","200"]]}
{"type":"l2update","product_id":"ETH-USD","time":"2019-01-09T00:56:18.298Z","changes":[["buy","148.75000000","0.16"]]}
{"type":"l2update","product_id":"ETH-USD","time":"2019-01-09T00:56:18.368Z","changes":[["buy","148.79000000","50.81181293"]]}
{"type":"l2update","product_id":"ETH-USD","time":"2019-01-09T00:56:18.374Z","changes":[["buy","148.79000000","21"]]}
{"type":"l2update","product_id":"ETH-USD","time":"2019-01-09T00:56:18.410Z","changes":[["sell","149.20000000","50.01"]]}
{"type":"l2update","product_id":"ETH-USD","time":"2019-01-09T00:56:18.412Z","changes":[["buy","148.85000000","0.23"]]}
{"type":"l2update","product_id":"ETH-USD","time":"2019-01-09T00:56:18.436Z","changes":[["buy","148.79000000","50.81181293"]]}
{"type":"l2update","product_id":"ETH-USD","time":"2019-01-09T00:56:18.437Z","changes":[["sell","149.23000000","0"]]}
{"type":"l2update","product_id":"ETH-USD","time":"2019-01-09T00:56:18.437Z","changes":[["buy","148.49000000","377.33083036"]]}
{"type":"l2update","product_id":"ETH-USD","time":"2019-01-09T00:56:18.438Z","changes":[["buy","148.87000000","20"]]}
{"type":"l2update","product_id":"ETH-USD","time":"2019-01-09T00:56:18.444Z","changes":[["buy","148.69000000","47.633"]]}
{"type":"l2update","product_id":"ETH-USD","time":"2019-01-09T00:56:18.459Z","changes":[["sell","149.14000000","0"]]}
{"type":"l2update","product_id":"ETH-USD","time":"2019-01-09T00:56:18.460Z","changes":[["sell","149.04000000","0"]]}
{"type":"l2update","product_id":"ETH-USD","time":"2019-01-09T00:56:18.483Z","changes":[["sell","149.18000000","100"]]}
{"type":"l2update","product_id":"ETH-USD","time":"2019-01-09T00:56:18.492Z","changes":[["sell","149.08000000","50"]]}
{"type":"l2update","product_id":"ETH-USD","time":"2019-01-09T00:56:18.534Z","changes":[["sell","149.05000000","4.45910433"]]}
{"type":"l2update","product_id":"ETH-USD","time":"2019-01-09T00:56:18.572Z","changes":[["sell","149.05000000","4.50910433"]]}
{"type":"l2update","product_id":"ETH-USD","time":"2019-01-09T00:56:18.577Z","changes":[["buy","148.79000000","21"]]}
{"type":"l2update","product_id":"ETH-USD","time":"2019-01-09T00:56:18.638Z","changes":[["buy","148.81000000","49.81181293"]]}
{"type":"l2update","product_id":"ETH-USD","time":"2019-01-09T00:56:18.729Z","changes":[["sell","149.18000000","0"]]}
{"type":"l2update","product_id":"ETH-USD","time":"2019-01-09T00:56:18.730Z","changes":[["sell","149.08000000","0"]]}
{"type":"l2update","product_id":"ETH-USD","time":"2019-01-09T00:56:18.734Z","changes":[["buy","148.81000000","20"]]}
{"type":"l2update","product_id":"ETH-USD","time":"2019-01-09T00:56:18.758Z","changes":[["sell","149.21000000","0"]]}
{"type":"l2update","product_id":"ETH-USD","time":"2019-01-09T00:56:18.768Z","changes":[["sell","149.23000000","100"]]}
{"type":"l2update","product_id":"ETH-USD","time":"2019-01-09T00:56:18.770Z","changes":[["sell","149.41000000","89.901"]]}
{"type":"l2update","product_id":"ETH-USD","time":"2019-01-09T00:56:18.771Z","changes":[["sell","149.13000000","50"]]}
{"type":"l2update","product_id":"ETH-USD","time":"2019-01-09T00:56:18.785Z","changes":[["sell","149.05000000","4.45910433"]]}
{"type":"l2update","product_id":"ETH-USD","time":"2019-01-09T00:56:18.847Z","changes":[["sell","149.06000000","0.05"]]}
{"type":"l2update","product_id":"ETH-USD","time":"2019-01-09T00:56:18.875Z","changes":[["sell","149.06000000","0"]]}
{"type":"l2update","product_id":"ETH-USD","time":"2019-01-09T00:56:18.901Z","changes":[["buy","146.50000000","119.51845725"]]}
{"type":"l2update","product_id":"ETH-USD","time":"2019-01-09T00:56:18.906Z","changes":[["buy","148.82000000","29.81181293"]]}
{"type":"l2update","product_id":"ETH-USD","time":"2019-01-09T00:56:18.921Z","changes":[["buy","147.73000000","0.5"]]}
{"type":"l2update","product_id":"ETH-USD","time":"2019-01-09T00:56:18.923Z","changes":[["buy","148.04000000","62"]]}
{"type":"l2update","product_id":"ETH-USD","time":"2019-01-09T00:56:18.946Z","changes":[["sell","149.05000000","4.50910433"]]}
{"type":"l2update","product_id":"ETH-USD","time":"2019-01-09T00:56:18.949Z","changes":[["buy","146.43000000","40.07"]]}
{"type":"l2update","product_id":"ETH-USD","time":"2019-01-09T00:56:18.951Z","changes":[["buy","147.62000000","20.66"]]}
{"type":"l2update","product_id":"ETH-USD","time":"2019-01-09T00:56:18.968Z","changes":[["buy","147.80000000","100.79"]]}
{"type":"l2update","product_id":"ETH-USD","time":"2019-01-09T00:56:19.000Z","changes":[["sell","149.22000000","89.12840539"]]}
{"type":"l2update","product_id":"ETH-USD","time":"2019-01-09T00:56:19.047Z","changes":[["sell","149.29000000","5.96227909"]]}
{"type":"l2update","product_id":"ETH-USD","time":"2019-01-09T00:56:19.065Z","changes":[["buy","148.84000000","20.23"]]}
{"type":"l2update","product_id":"ETH-USD","time":"2019-01-09T00:56:19.093Z","changes":[["buy","148.85000000","0"]]}
{"type":"l2update","product_id":"ETH-USD","time":"2019-01-09T00:56:19.620Z","changes":[["sell","148.94000000","21.6385"]]}
{"type":"l2update","product_id":"ETH-USD","time":"2019-01-09T00:56:19.655Z","changes":[["sell","149.05000000","4.45910433"]]}
{"type":"l2update","product_id":"ETH-USD","time":"2019-01-09T00:56:19.700Z","changes":[["buy","148.62000000","0"]]}
{"type":"l2update","product_id":"ETH-USD","time":"2019-01-09T00:56:19.778Z","changes":[["sell","149.01000000","20.72321935"]]}
{"type":"l2update","product_id":"ETH-USD","time":"2019-01-09T00:56:19.827Z","changes":[["buy","148.93000000","3.26128516"]]}
{"type":"l2update","product_id":"ETH-USD","time":"2019-01-09T00:56:19.860Z","changes":[["buy","148.93000000","3.02128516"]]}
{"type":"l2update","product_id":"ETH-USD","time":"2019-01-09T00:56:19.862Z","changes":[["sell","149.23000000","0"]]}
{"type":"l2update","product_id":"ETH-USD","time":"2019-01-09T00:56:19.862Z","changes":[["sell","149.13000000","0"]]}
{"type":"l2update","product_id":"ETH-USD","time":"2019-01-09T00:56:19.871Z","changes":[["buy","148.82000000","0"]]}
{"type":"l2update","product_id":"ETH-USD","time":"2019-01-09T00:56:19.890Z","changes":[["sell","149.01000000","20.67321935"]]}
{"type":"l2update","product_id":"ETH-USD","time":"2019-01-09T00:56:19.891Z","changes":[["buy","148.93000000","3.26128516"]]}
{"type":"l2update","product_id":"ETH-USD","time":"2019-01-09T00:56:19.899Z","changes":[["sell","149.19000000","151"]]}
{"type":"l2update","product_id":"ETH-USD","time":"2019-01-09T00:56:19.901Z","changes":[["sell","149.09000000","54.89974488"]]}
{"type":"l2update","product_id":"ETH-USD","time":"2019-01-09T00:56:19.902Z","changes":[["buy","146.43000000","0.5"]]}
{"type":"l2update","product_id":"ETH-USD","time":"2019-01-09T00:56:19.913Z","changes":[["sell","148.94000000","20"]]}
{"type":"l2update","product_id":"ETH-USD","time":"2019-01-09T00:56:19.922Z","changes":[["buy","147.62000000","0"]]}
{"type":"l2update","product_id":"ETH-USD","time":"2019-01-09T00:56:19.923Z","changes":[["buy","148.93000000","3.02128516"]]}
{"type":"l2update","product_id":"ETH-USD","time":"2019-01-09T00:56:19.926Z","changes":[["sell","149.02000000","0.05"]]}
{"type":"l2update","product_id":"ETH-USD","time":"2019-01-09T00:56:19.933Z","changes":[["buy","148.82000000","29.81181293"]]}
{"type":"l2update","product_id":"ETH-USD","time":"2019-01-09T00:56:19.934Z","changes":[["buy","146.07000000","739.67"]]}
{"type":"l2update","product_id":"ETH-USD","time":"2019-01-09T00:56:19.969Z","changes":[["buy","146.74000000","20.78"]]}
{"type":"l2update","product_id":"ETH-USD","time":"2019-01-09T00:56:19.990Z","changes":[["sell","149.02000000","0"]]}
{"type":"l2update","product_id":"ETH-USD","time":"2019-01-09T00:56:20.002Z","changes":[["sell","149.19000000","51"]]}
{"type":"l2update","product_id":"ETH-USD","time":"2019-01-09T00:56:20.002Z","changes":[["sell","149.09000000","4.89974488"]]}
{"type":"l2update","product_id":"ETH-USD","time":"2019-01-09T00:56:20.010Z","changes":[["buy","148.82000000","0"]]}
{"type":"l2update","product_id":"ETH-USD","time":"2019-01-09T00:56:20.029Z","changes":[["sell","149.23000000","100"]]}
{"type":"l2update","product_id":"ETH-USD","time":"2019-01-09T00:56:20.034Z","changes":[["sell","149.13000000","50"]]}
{"type":"l2update","product_id":"ETH-USD","time":"2019-01-09T00:56:20.062Z","changes":[["sell","149.03000000","0.05"]]}
{"type":"l2update","product_id":"ETH-USD","time":"2019-01-09T00:56:20.129Z","changes":[["sell","149.18000000","0.01"]]}
{"type":"l2update","product_id":"ETH-USD","time":"2019-01-09T00:56:20.129Z","changes":[["buy","148.83000000","12.2458"]]}
{"type":"l2update","product_id":"ETH-USD","time":"2019-01-09T00:56:20.159Z","changes":[["sell","149.18000000","0"]]}
{"type":"l2update","product_id":"ETH-USD","time":"2019-01-09T00:56:20.164Z","changes":[["sell","149.03000000","0"]]}
{"type":"l2update","product_id":"ETH-USD","time":"2019-01-09T00:56:20.281Z","changes":[["buy","148.82000000","29.81181293"]]}
{"type":"l2update","product_id":"ETH-USD","time":"2019-01-09T00:56:20.284Z","changes":[["sell","149.02000000","0.05"]]}
{"type":"l2update","product_id":"ETH-USD","time":"2019-01-09T00:56:20.381Z","changes":[["buy","148.83000000","12.0158"]]}
{"type":"l2update","product_id":"ETH-USD","time":"2019-01-09T00:56:20.420Z","changes":[["sell","149.02000000","0"]]}
{"type":"l2update","product_id":"ETH-USD","time":"2019-01-09T00:56:20.482Z","changes":[["buy","148.86000000","33.503"]]}
{"type":"l2update","product_id":"ETH-USD","time":"2019-01-09T00:56:20.530Z","changes":[["sell","149.03000000","0.05"]]}
{"type":"l2update","product_id":"ETH-USD","time":"2019-01-09T00:56:20.544Z","changes":[["buy","148.84000000","20"]]}
{"type":"l2update","product_id":"ETH-USD","time":"2019-01-09T00:56:20.556Z","changes":[["buy","148.86000000","33.273"]]}
{"type":"l2update","product_id":"ETH-USD","time":"2019-01-09T00:56:20.907Z","changes":[["sell","149.54000000","0"]]}
{"type":"l2update","product_id":"ETH-USD","time":"2019-01-09T00:56:20.935Z","changes":[["sell","149.61000000","81.31853169"]]}
{"type":"l2update","product_id":"ETH-USD","time":"2019-01-09T00:56:21.017Z","changes":[["buy","148.37000000","362.33406349"]]}
{"type":"l2update","product_id":"ETH-USD","time":"2019-01-09T00:56:21.129Z","changes":[["sell","149.23000000","0"]]}
{"type":"l2update","product_id":"ETH-USD","time":"2019-01-09T00:56:21.130Z","changes":[["sell","149.13000000","0"]]}
{"type":"l2update","product_id":"ETH-USD","time":"2019-01-09T00:56:21.133Z","changes":[["buy","148.82000000","0"]]}
{"type":"l2update","product_id":"ETH-USD","time":"2019-01-09T00:56:21.163Z","changes":[["sell","149.19000000","151"]]}
{"type":"l2update","product_id":"ETH-USD","time":"2019-01-09T00:56:21.168Z","changes":[["sell","149.09000000","54.89974488"]]}
{"type":"l2update","product_id":"ETH-USD","time":"2019-01-09T00:56:21.195Z","changes":[["sell","149.03000000","0"]]}
{"type":"l2update","product_id":"ETH-USD","time":"2019-01-09T00:56:21.196Z","changes":[["buy","148.82000000","29.81181293"]]}
{"type":"l2update","product_id":"ETH-USD","time":"2019-01-09T00:56:21.223Z","changes":[["buy","148.84000000","20.23"]]}
{"type":"l2update","product_id":"ETH-USD","time":"2019-01-09T00:56:21.231Z","changes":[["sell","149.03000000","0.05"]]}
{"type":"l2update","product_id":"ETH-USD","time":"2019-01-09T00:56:21.257Z","changes":[["sell","149.18000000","0.01"]]}
{"type":"l2update","product_id":"ETH-USD","time":"2019-01-09T00:56:21.322Z","changes":[["sell","149.20000000","50"]]}
{"type":"l2update","product_id":"ETH-USD","time":"2019-01-09T00:56:21.358Z","changes":[["sell","149.20000000","50.01"]]}
{"type":"l2update","product_id":"ETH-USD","time":"2019-01-09T00:56:21.395Z","changes":[["buy","148.93000000","3.26128516"]]}
{"type":"l2update","product_id":"ETH-USD","time":"2019-01-09T00:56:21.412Z","changes":[["buy","148.49000000","15"]]}
{"type":"l2update","product_id":"ETH-USD","time":"2019-01-09T00:56:21.413Z","changes":[["sell","149.18000000","0"]]}
{"type":"l2update","product_id":"ETH-USD","time":"2019-01-09T00:56:21.418Z","changes":[["buy","148.82000000","0"]]}
{"type":"l2update","product_id":"ETH-USD","time":"2019-01-09T00:56:21.444Z","changes":[["sell","149.03000000","0"]]}
{"type":"l2update","product_id":"ETH-USD","time":"2019-01-09T00:56:21.467Z","changes":[["buy","148.93000000","3.02128516"]]}
{"type":"l2update","product_id":"ETH-USD","time":"2019-01-09T00:56:21.481Z","changes":[["buy","148.79000000","50.81181293"]]}
{"type":"l2update","product_id":"ETH-USD","time":"2019-01-09T00:56:21.490Z","changes":[["buy","148.79000000","21"]]}
{"type":"l2update","product_id":"ETH-USD","time":"2019-01-09T00:56:21.516Z","changes":[["sell","149.03000000","0.05"]]}
{"type":"l2update","product_id":"ETH-USD","time":"2019-01-09T00:56:21.582Z","changes":[["buy","148.78000000","5.0455459"]]}
{"type":"l2update","product_id":"ETH-USD","time":"2019-01-09T00:56:21.608Z","changes":[["sell","149.47000000","50.88503066"]]}
{"type":"l2update","product_id":"ETH-USD","time":"2019-01-09T00:56:21.610Z","changes":[["buy","148.58000000","0"]]}
{"type":"l2update","product_id":"ETH-USD","time":"2019-01-09T00:56:21.611Z","changes":[["sell","149.47000000","44.37862587"]]}
{"type":"l2update","product_id":"ETH-USD","time":"2019-01-09T00:56:21.612Z","changes":[["buy","148.34000000","0"]]}
{"type":"l2update","product_id":"ETH-USD","time":"2019-01-09T00:56:21.616Z","changes":[["sell","149.29000000","12.46868388"]]}
{"type":"l2update","product_id":"ETH-USD","time":"2019-01-09T00:56:21.617Z","changes":[["buy","148.21000000","21.55163083"]]}
{"type":"l2update","product_id":"ETH-USD","time":"2019-01-09T00:56:21.620Z","changes":[["buy","148.58000000","6.48148404"]]}
{"type":"l2update","product_id":"ETH-USD","time":"2019-01-09T00:56:21.631Z","changes":[["buy","148.79000000","50.81181293"]]}
{"type":"l2update","product_id":"ETH-USD","time":"2019-01-09T00:56:21.640Z","changes":[["buy","148.79000000","21"]]}
{"type":"l2update","product_id":"ETH-USD","time":"2019-01-09T00:56:21.652Z","changes":[["buy","148.21000000","16.93276747"]]}
{"type":"l2update","product_id":"ETH-USD","time":"2019-01-09T00:56:21.720Z","changes":[["sell","149.67000000","4.61886336"]]}
{"type":"l2update","product_id":"ETH-USD","time":"2019-01-09T00:56:21.724Z","changes":[["buy","148.21000000","11.6941416"]]}
{"type":"l2update","product_id":"ETH-USD","time":"2019-01-09T00:56:21.731Z","changes":[["buy","148.21000000","18.24668264"]]}
{"type":"l2update","product_id":"ETH-USD","time":"2019-01-09T00:56:21.732Z","changes":[["sell","149.47000000","48.90814124"]]}
{"type":"l2update","product_id":"ETH-USD","time":"2019-01-09T00:56:21.746Z","changes":[["sell","149.67000000","10.21620304"]]}
{"type":"l2update","product_id":"ETH-USD","time":"2019-01-09T00:56:21.747Z","changes":[["buy","148.58000000","11.72010991"]]}
{"type":"l2update","product_id":"ETH-USD","time":"2019-01-09T00:56:21.748Z","changes":[["buy","148.79000000","50.81181293"]]}
{"type":"l2update","product_id":"ETH-USD","time":"2019-01-09T00:56:21.762Z","changes":[["buy","148.79000000","21"]]}
{"type":"l2update","product_id":"ETH-USD","time":"2019-01-09T00:56:21.770Z","changes":[["sell","149.19000000","51"]]}
{"type":"l2update","product_id":"ETH-USD","time":"2019-01-09T00:56:21.771Z","changes":[["sell","149.09000000","4.89974488"]]}
{"type":"l2update","product_id":"ETH-USD","time":"2019-01-09T00:56:21.798Z","changes":[["buy","148.93000000","3.26128516"]]}
{"type":"l2update","product_id":"ETH-USD","time":"2019-01-09T00:56:21.818Z","changes":[["sell","149.16000000","300"]]}
{"type":"l2update","product_id":"ETH-USD","time":"2019-01-09T00:56:21.822Z","changes":[["buy","148.82000000","29.81181293"]]}
{"type":"l2update","product_id":"ETH-USD","time":"2019-01-09T00:56:21.825Z","changes":[["sell","149.05000000","54.45910433"]]}
{"type":"l2update","product_id":"ETH-USD","time":"2019-01-09T00:56:21.827Z","changes":[["sell","149.03000000","0"]]}
{"type":"l2update","product_id":"ETH-USD","time":"2019-01-09T00:56:21.832Z","changes":[["buy","148.82000000","0"]]}
{"type":"l2update","product_id":"ETH-USD","time":"2019-01-09T00:56:21.835Z","changes":[["buy","148.21000000","22.86784168"]]}
{"type":"l2update","product_id":"ETH-USD","time":"2019-01-09T00:56:21.850Z","changes":[["buy","148.93000000","3.02128516"]]}
{"type":"l2update","product_id":"ETH-USD","time":"2019-01-09T00:56:21.867Z","changes":[["sell","149.04000000","0.05"]]}
{"type":"l2update","product_id":"ETH-USD","time":"2019-01-09T00:56:21.894Z","changes":[["buy","148.79000000","50.81181293"]]}
{"type":"l2update","product_id":"ETH-USD","time":"2019-01-09T00:56:21.910Z","changes":[["buy","148.79000000","21"]]}
{"type":"l2update","product_id":"ETH-USD","time":"2019-01-09T00:56:21.920Z","changes":[["sell","149.04000000","0"]]}
{"type":"l2update","product_id":"ETH-USD","time":"2019-01-09T00:56:21.932Z","changes":[["buy","148.86000000","33.503"]]}
{"type":"l2update","product_id":"ETH-USD","time":"2019-01-09T00:56:21.964Z","changes":[["buy","148.84000000","20"]]}
{"type":"l2update","product_id":"ETH-USD","time":"2019-01-09T00:56:21.972Z","changes":[["sell","149.03000000","0.05"]]}
{"type":"l2update","product_id":"ETH-USD","time":"2019-01-09T00:56:21.990Z","changes":[["buy","148.06000000","5.38268854"]]}
{"type":"l2update","product_id":"ETH-USD","time":"2019-01-09T00:56:21.996Z","changes":[["buy","148.79000000","50.81181293"]]}
{"type":"l2update","product_id":"ETH-USD","time":"2019-01-09T00:56:22.003Z","changes":[["buy","148.79000000","21"]]}
{"type":"l2update","product_id":"ETH-USD","time":"2019-01-09T00:56:22.016Z","changes":[["sell","149.21000000","0.01"]]}
{"type":"l2update","product_id":"ETH-USD","time":"2019-01-09T00:56:22.043Z","changes":[["sell","149.20000000","50"]]}
{"type":"l2update","product_id":"ETH-USD","time":"2019-01-09T00:56:22.468Z","changes":[["buy","148.32000000","70"]]}
{"type":"l2update","product_id":"ETH-USD","time":"2019-01-09T00:56:22.482Z","changes":[["buy","148.79000000","50.81181293"]]}
{"type":"l2update","product_id":"ETH-USD","time":"2019-01-09T00:56:22.490Z","changes":[["buy","148.79000000","21"]]}
{"type":"l2update","product_id":"ETH-USD","time":"2019-01-09T00:56:22.517Z","changes":[["buy","148.84000000","20.23"]]}
{"type":"l2update","product_id":"ETH-USD","time":"2019-01-09T00:56:22.552Z","changes":[["buy","148.79000000","50.81181293"]]}
{"type":"l2update","product_id":"ETH-USD","time":"2019-01-09T00:56:22.557Z","changes":[["buy","148.79000000","21"]]}
{"type":"l2update","product_id":"ETH-USD","time":"2019-01-09T00:56:22.574Z","changes":[["buy","148.86000000","33.273"]]}
{"type":"l2update","product_id":"ETH-USD","time":"2019-01-09T00:56:22.658Z","changes":[["buy","148.38000000","9.26374105"]]}
{"type":"l2update","product_id":"ETH-USD","time":"2019-01-09T00:56:22.687Z","changes":[["buy","148.79000000","50.81181293"]]}
{"type":"l2update","product_id":"ETH-USD","time":"2019-01-09T00:56:22.696Z","changes":[["buy","148.79000000","21"]]}
{"type":"l2update","product_id":"ETH-USD","time":"2019-01-09T00:56:22.700Z","changes":[["buy","148.93000000","1.78985557"]]}
{"type":"l2update","product_id":"ETH-USD","time":"2019-01-09T00:56:22.701Z","changes":[["buy","148.93000000","0.02128516"]]}
{"type":"l2update","product_id":"ETH-USD","time":"2019-01-09T00:56:22.703Z","changes":[["buy","148.93000000","0"]]}
{"type":"l2update","product_id":"ETH-USD","time":"2019-01-09T00:56:22.704Z","changes":[["buy","148.87000000","9.80704685"]]}
{"type":"l2update","product_id":"ETH-USD","time":"2019-01-09T00:56:22.705Z","changes":[["sell","149.19000000","51.01"]]}
{"type":"l2update","product_id":"ETH-USD","time":"2019-01-09T00:56:22.725Z","changes":[["sell","149.21000000","0"]]}
{"type":"l2update","product_id":"ETH-USD","time":"2019-01-09T00:56:22.764Z","changes":[["buy","148.79000000","50.81181293"]]}
{"type":"l2update","product_id":"ETH-USD","time":"2019-01-09T00:56:22.770Z","changes":[["sell","149.03000000","0"]]}
{"type":"l2update","product_id":"ETH-USD","time":"2019-01-09T00:56:22.773Z","changes":[["buy","148.79000000","21"]]}
{"type":"l2update","product_id":"ETH-USD","time":"2019-01-09T00:56:22.783Z","changes":[["buy","148.88000000","0.24"]]}
{"type":"l2update","product_id":"ETH-USD","time":"2019-01-09T00:56:22.817Z","changes":[["sell","148.97000000","0.05"]]}
{"type":"l2update","product_id":"ETH-USD","time":"2019-01-09T00:56:22.819Z","changes":[["sell","149.01000000","0.47321935"]]}
{"type":"l2update","product_id":"ETH-USD","time":"2019-01-09T00:56:22.821Z","changes":[["buy","148.83000000","0"]]}
{"type":"l2update","product_id":"ETH-USD","time":"2019-01-09T00:56:22.834Z","changes":[["sell","149.11000000","22.2"]]}
{"type":"l2update","product_id":"ETH-USD","time":"2019-01-09T00:56:22.835Z","changes":[["buy","148.88000000","12.2558"]]}
{"type":"l2update","product_id":"ETH-USD","time":"2019-01-09T00:56:22.846Z","changes":[["sell","148.97000000","0"]]}
{"type":"l2update","product_id":"ETH-USD","time":"2019-01-09T00:56:22.850Z","changes":[["buy","148.88000000","12.0158"]]}
{"type":"l2update","product_id":"ETH-USD","time":"2019-01-09T00:56:22.878Z","changes":[["buy","148.79000000","50.81181293"]]}
{"type":"l2update","product_id":"ETH-USD","time":"2019-01-09T00:56:22.882Z","changes":[["buy","148.89000000","0.24"]]}
{"type":"l2update","product_id":"ETH-USD","time":"2019-01-09T00:56:22.884Z","changes":[["sell","148.98000000","0.05"]]}
{"type":"l2update","product_id":"ETH-USD","time":"2019-01-09T00:56:22.889Z","changes":[["buy","148.79000000","21"]]}
{"type":"l2update","product_id":"ETH-USD","time":"2019-01-09T00:56:22.925Z","changes":[["buy","148.88000000","0"]]}
{"type":"l2update","product_id":"ETH-USD","time":"2019-01-09T00:56:22.940Z","changes":[["sell","148.98000000","0"]]}
{"type":"l2update","product_id":"ETH-USD","time":"2019-01-09T00:56:22.947Z","changes":[["buy","148.89000000","12.2558"]]}
{"type":"l2update","product_id":"ETH-USD","time":"2019-01-09T00:56:22.952Z","changes":[["buy","148.79000000","50.81181293"]]}
{"type":"l2update","product_id":"ETH-USD","time":"2019-01-09T00:56:22.953Z","changes":[["buy","148.89000000","12.0158"]]}
{"type":"l2update","product_id":"ETH-USD","time":"2019-01-09T00:56:22.957Z","changes":[["buy","148.79000000","21"]]}
{"type":"l2update","product_id":"ETH-USD","time":"2019-01-09T00:56:23.036Z","changes":[["buy","148.90000000","0.24"]]}
{"type":"l2update","product_id":"ETH-USD","time":"2019-01-09T00:56:23.038Z","changes":[["buy","148.79000000","50.81181293"]]}
{"type":"l2update","product_id":"ETH-USD","time":"2019-01-09T00:56:23.039Z","changes":[["sell","148.98000000","0.05"]]}
{"type":"l2update","product_id":"ETH-USD","time":"2019-01-09T00:56:23.041Z","changes":[["buy","148.89000000","0"]]}
{"type":"l2update","product_id":"ETH-USD","time":"2019-01-09T00:56:23.050Z","changes":[["sell","149.22000000","89.13840539"]]}
{"type":"l2update","product_id":"ETH-USD","time":"2019-01-09T00:56:23.054Z","changes":[["buy","148.90000000","12.2558"]]}
{"type":"l2update","product_id":"ETH-USD","time":"2019-01-09T00:56:23.056Z","changes":[["buy","148.79000000","21"]]}
{"type":"l2update","product_id":"ETH-USD","time":"2019-01-09T00:56:23.059Z","changes":[["buy","148.90000000","12.0158"]]}
{"type":"l2update","product_id":"ETH-USD","time":"2019-01-09T00:56:23.081Z","changes":[["sell","149.19000000","51"]]}
{"type":"l2update","product_id":"ETH-USD","time":"2019-01-09T00:56:23.089Z","changes":[["sell","148.98000000","0"]]}
{"type":"l2update","product_id":"ETH-USD","time":"2019-01-09T00:56:23.090Z","changes":[["buy","148.91000000","0.24"]]}
{"type":"l2update","product_id":"ETH-USD","time":"2019-01-09T00:56:23.094Z","changes":[["buy","148.90000000","0"]]}
{"type":"l2update","product_id":"ETH-USD","time":"2019-01-09T00:56:23.105Z","changes":[["buy","148.91000000","12.2558"]]}
{"type":"l2update","product_id":"ETH-USD","time":"2019-01-09T00:56:23.116Z","changes":[["buy","148.91000000","12.0158"]]}
{"type":"l2update","product_id":"ETH-USD","time":"2019-01-09T00:56:23.127Z","changes":[["buy","148.79000000","50.81181293"]]}
{"type":"l2update","product_id":"ETH-USD","time":"2019-01-09T00:56:23.133Z","changes":[["sell","148.99000000","0.05"]]}
{"type":"l2update","product_id":"ETH-USD","time":"2019-01-09T00:56:23.140Z","changes":[["buy","148.79000000","21"]]}
{"type":"l2update","product_id":"ETH-USD","time":"2019-01-09T00:56:23.145Z","changes":[["buy","148.92000000","0.24"]]}
{"type":"l2update","product_id":"ETH-USD","time":"2019-01-09T00:56:23.150Z","changes":[["buy","148.86000000","33.503"]]}
{"type":"l2update","product_id":"ETH-USD","time":"2019-01-09T00:56:23.160Z","changes":[["buy","148.87000000","0"]]}
{"type":"l2update","product_id":"ETH-USD","time":"2019-01-09T00:56:23.204Z","changes":[["buy","148.86000000","33.273"]]}
{"type":"l2update","product_id":"ETH-USD","time":"2019-01-09T00:56:23.210Z","changes":[["buy","148.92000000","0"]]}
{"type":"l2update","product_id":"ETH-USD","time":"2019-01-09T00:56:23.242Z","changes":[["buy","148.79000000","50.81181293"]]}
{"type":"l2update","product_id":"ETH-USD","time":"2019-01-09T00:56:23.260Z","changes":[["buy","148.70000000","44.66"]]}
{"type":"l2update","product_id":"ETH-USD","time":"2019-01-09T00:56:23.529Z","changes":[["buy","147.71000000","0"]]}
{"type":"l2update","product_id":"ETH-USD","time":"2019-01-09T00:56:23.541Z","changes":[["sell","149.40000000","89.07961847"]]}
{"type":"l2update","product_id":"ETH-USD","time":"2019-01-09T00:56:23.582Z","changes":[["buy","148.87000000","9.81"]]}
{"type":"l2update","product_id":"ETH-USD","time":"2019-01-09T00:56:23.631Z","changes":[["buy","148.79000000","21"]]}
{"type":"l2update","product_id":"ETH-USD","time":"2019-01-09T00:56:23.703Z","changes":[["buy","148.82000000","29.81181293"]]}
{"type":"l2update","product_id":"ETH-USD","time":"2019-01-09T00:56:23.710Z","changes":[["buy","148.82000000","0"]]}
{"type":"l2update","product_id":"ETH-USD","time":"2019-01-09T00:56:23.738Z","changes":[["sell","149.23000000","0.01"]]}
{"type":"l2update","product_id":"ETH-USD","time":"2019-01-09T00:56:23.762Z","changes":[["sell","149.22000000","89.12840539"]]}
{"type":"l2update","product_id":"ETH-USD","time":"2019-01-09T00:56:23.769Z","changes":[["buy","148.86000000","33.423"]]}
{"type":"l2update","product_id":"ETH-USD","time":"2019-01-09T00:56:23.799Z","changes":[["buy","148.82000000","29.81181293"]]}
{"type":"l2update","product_id":"ETH-USD","time":"2019-01-09T00:56:23.816Z","changes":[["buy","148.82000000","0"]]}
{"type":"l2update","product_id":"ETH-USD","time":"2019-01-09T00:56:23.827Z","changes":[["buy","148.86000000","33.273"]]}
{"type":"l2update","product_id":"ETH-USD","time":"2019-01-09T00:56:23.911Z","changes":[["buy","148.82000000","29.81181293"]]}
{"type":"l2update","product_id":"ETH-USD","time":"2019-01-09T00:56:23.946Z","changes":[["buy","148.82000000","0"]]}
{"type":"l2update","product_id":"ETH-USD","time":"2019-01-09T00:56:23.998Z","changes":[["buy","148.19000000","142.74809023"]]}
{"type":"l2update","product_id":"ETH-USD","time":"2019-01-09T00:56:24.019Z","changes":[["buy","148.82000000","29.81181293"]]}
{"type":"l2update","product_id":"ETH-USD","time":"2019-01-09T00:56:24.035Z","changes":[["sell","149.22000000","0.04855684"]]}
{"type":"l2update","product_id":"ETH-USD","time":"2019-01-09T00:56:24.085Z","changes":[["sell","148.99000000","0"]]}
{"type":"l2update","product_id":"ETH-USD","time":"2019-01-09T00:56:24.110Z","changes":[["sell","149.24000000","0.01"]]}
{"type":"l2update","product_id":"ETH-USD","time":"2019-01-09T00:56:24.117Z","changes":[["buy","148.87000000","9.96"]]}
{"type":"l2update","product_id":"ETH-USD","time":"2019-01-09T00:56:24.126Z","changes":[["sell","149.00000000","22.05"]]}
{"type":"l2update","product_id":"ETH-USD","time":"2019-01-09T00:56:24.146Z","changes":[["buy","148.84000000","20"]]}
{"type":"l2update","product_id":"ETH-USD","time":"2019-01-09T00:56:24.163Z","changes":[["sell","149.16000000","200"]]}
{"type":"l2update","product_id":"ETH-USD","time":"2019-01-09T00:56:24.163Z","changes":[["sell","149.05000000","4.45910433"]]}
{"type":"l2update","product_id":"ETH-USD","time":"2019-01-09T00:56:24.190Z","changes":[["sell","149.24000000","0"]]}
{"type":"l2update","product_id":"ETH-USD","time":"2019-01-09T00:56:24.193Z","changes":[["sell","149.12000000","116.07437226"]]}
{"type":"l2update","product_id":"ETH-USD","time":"2019-01-09T00:56:24.197Z","changes":[["sell","149.02000000","50"]]}
{"type":"l2update","product_id":"ETH-USD","time":"2019-01-09T00:56:24.202Z","changes":[["sell","149.11000000","2"]]}
{"type":"l2update","product_id":"ETH-USD","time":"2019-01-09T00:56:24.215Z","changes":[["sell","149.09000000","25.09974488"]]}
{"type":"l2update","product_id":"ETH-USD","time":"2019-01-09T00:56:24.245Z","changes":[["sell","149.00000000","22"]]}
{"type":"l2update","product_id":"ETH-USD","time":"2019-01-09T00:56:24.278Z","changes":[["buy","148.82000000","0"]]}
{"type":"l2update","product_id":"ETH-USD","time":"2019-01-09T00:56:24.284Z","changes":[["buy","148.92000000","0.24"]]}
{"type":"l2update","product_id":"ETH-USD","time":"2019-01-09T00:56:24.293Z","changes":[["buy","148.81000000","0"]]}
{"type":"l2update","product_id":"ETH-USD","time":"2019-01-09T00:56:24.311Z","changes":[["buy","148.92000000","0"]]}
{"type":"l2update","product_id":"ETH-USD","time":"2019-01-09T00:56:24.316Z","changes":[["sell","148.99000000","0.05"]]}
{"type":"l2update","product_id":"ETH-USD","time":"2019-01-09T00:56:24.331Z","changes":[["buy","148.70000000","0"]]}
{"type":"l2update","product_id":"ETH-USD","time":"2019-01-09T00:56:24.354Z","changes":[["buy","148.91000000","11.3638"]]}
{"type":"l2update","product_id":"ETH-USD","time":"2019-01-09T00:56:24.364Z","changes":[["sell","148.99000000","0"]]}
{"type":"l2update","product_id":"ETH-USD","time":"2019-01-09T00:56:24.365Z","changes":[["buy","148.79000000","50.81181293"]]}
{"type":"l2update","product_id":"ETH-USD","time":"2019-01-09T00:56:24.395Z","changes":[["buy","148.70000000","52.45"]]}
{"type":"l2update","product_id":"ETH-USD","time":"2019-01-09T00:56:24.405Z","changes":[["sell","148.98000000","0.05"]]}
{"type":"l2update","product_id":"ETH-USD","time":"2019-01-09T00:56:24.460Z","changes":[["buy","148.85000000","0.15"]]}
{"type":"l2update","product_id":"ETH-USD","time":"2019-01-09T00:56:24.502Z","changes":[["buy","147.77000000","0"]]}
{"type":"l2update","product_id":"ETH-USD","time":"2019-01-09T00:56:24.567Z","changes":[["buy","148.87000000","9.81"]]}
{"type":"l2update","product_id":"ETH-USD","time":"2019-01-09T00:56:24.750Z","changes":[["buy","148.53000000","0"]]}
{"type":"l2update","product_id":"ETH-USD","time":"2019-01-09T00:56:24.816Z","changes":[["buy","148.86000000","33.353"]]}
{"type":"l2update","product_id":"ETH-USD","time":"2019-01-09T00:56:24.821Z","changes":[["sell","149.09000000","4.89974488"]]}
{"type":"l2update","product_id":"ETH-USD","time":"2019-01-09T00:56:24.822Z","changes":[["buy","148.91000000","0"]]}
{"type":"l2update","product_id":"ETH-USD","time":"2019-01-09T00:56:24.829Z","changes":[["sell","148.98000000","20.25"]]}
{"type":"l2update","product_id":"ETH-USD","time":"2019-01-09T00:56:24.834Z","changes":[["buy","148.78000000","16.4093459"]]}
{"type":"l2update","product_id":"ETH-USD","time":"2019-01-09T00:56:24.849Z","changes":[["buy","148.85000000","0"]]}
{"type":"l2update","product_id":"ETH-USD","time":"2019-01-09T00:56:24.863Z","changes":[["buy","148.70000000","0"]]}
{"type":"l2update","product_id":"ETH-USD","time":"2019-01-09T00:56:24.865Z","changes":[["sell","148.98000000","20.2"]]}
{"type":"l2update","product_id":"ETH-USD","time":"2019-01-09T00:56:24.908Z","changes":[["sell","148.99000000","0.05"]]}
{"type":"l2update","product_id":"ETH-USD","time":"2019-01-09T00:56:24.993Z","changes":[["buy","148.88000000","0.24"]]}
{"type":"l2update","product_id":"ETH-USD","time":"2019-01-09T00:56:25.034Z","changes":[["buy","148.88000000","0"]]}
{"type":"l2update","product_id":"ETH-USD","time":"2019-01-09T00:56:25.152Z","changes":[["sell","149.20000000","50.01"]]}
{"type":"l2update","product_id":"ETH-USD","time":"2019-01-09T00:56:25.153Z","changes":[["buy","148.84000000","20.23"]]}
{"type":"l2update","product_id":"ETH-USD","time":"2019-01-09T00:56:25.174Z","changes":[["buy","148.86000000","33.273"]]}
{"type":"l2update","product_id":"ETH-USD","time":"2019-01-09T00:56:25.178Z","changes":[["sell","149.23000000","0"]]}
{"type":"l2update","product_id":"ETH-USD","time":"2019-01-09T00:56:25.495Z","changes":[["buy","148.89000000","0.09"]]}
{"type":"l2update","product_id":"ETH-USD","time":"2019-01-09T00:56:25.523Z","changes":[["buy","148.84000000","20"]]}
{"type":"l2update","product_id":"ETH-USD","time":"2019-01-09T00:56:25.827Z","changes":[["sell","149.24000000","0.01"]]}
{"type":"l2update","product_id":"ETH-USD","time":"2019-01-09T00:56:25.863Z","changes":[["sell","149.20000000","50"]]}
{"type":"l2update","product_id":"ETH-USD","time":"2019-01-09T00:56:25.871Z","changes":[["buy","148.89000000","0.18"]]}
{"type":"l2update","product_id":"ETH-USD","time":"2019-01-09T00:56:25.919Z","changes":[["sell","148.99000000","0"]]}
{"type":"l2update","product_id":"ETH-USD","time":"2019-01-09T00:56:26.057Z","changes":[["sell","149.28000000","89.07753885"]]}
{"type":"l2update","product_id":"ETH-USD","time":"2019-01-09T00:56:26.072Z","changes":[["sell","149.40000000","0"]]}
{"type":"l2update","product_id":"ETH-USD","time":"2019-01-09T00:56:26.116Z","changes":[["buy","148.64000000","0"]]}
{"type":"l2update","product_id":"ETH-USD","time":"2019-01-09T00:56:26.141Z","changes":[["sell","149.00000000","22.05"]]}
{"type":"l2update","product_id":"ETH-USD","time":"2019-01-09T00:56:26.186Z","changes":[["buy","148.58000000","6.48148404"]]}
{"type":"l2update","product_id":"ETH-USD","time":"2019-01-09T00:56:26.194Z","changes":[["buy","148.78000000","22.18115345"]]}
{"type":"l2update","product_id":"ETH-USD","time":"2019-01-09T00:56:26.267Z","changes":[["buy","148.21000000","17.5701839"]]}
{"type":"l2update","product_id":"ETH-USD","time":"2019-01-09T00:56:26.273Z","changes":[["sell","148.98000000","0"]]}
{"type":"l2update","product_id":"ETH-USD","time":"2019-01-09T00:56:26.274Z","changes":[["buy","148.78000000","10.81735345"]]}
{"type":"l2update","product_id":"ETH-USD","time":"2019-01-09T00:56:26.289Z","changes":[["buy","148.69000000","58.9968"]]}
{"type":"l2update","product_id":"ETH-USD","time":"2019-01-09T00:56:26.290Z","changes":[["sell","148.94000000","40.2"]]}
{"type":"l2update","product_id":"ETH-USD","time":"2019-01-09T00:56:26.343Z","changes":[["buy","148.86000000","0"]]}
{"type":"l2update","product_id":"ETH-USD","time":"2019-01-09T00:56:26.345Z","changes":[["buy","148.58000000","11.77914182"]]}
{"type":"l2update","product_id":"ETH-USD","time":"2019-01-09T00:56:26.350Z","changes":[["sell","149.00000000","22"]]}
{"type":"l2update","product_id":"ETH-USD","time":"2019-01-09T00:56:26.352Z","changes":[["buy","148.80000000","33.208"]]}
{"type":"l2update","product_id":"ETH-USD","time":"2019-01-09T00:56:26.409Z","changes":[["buy","147.46000000","19.209564"]]}
{"type":"l2update","product_id":"ETH-USD","time":"2019-01-09T00:56:26.411Z","changes":[["sell","148.97000000","0.05"]]}
{"type":"l2update","product_id":"ETH-USD","time":"2019-01-09T00:56:26.442Z","changes":[["buy","148.89000000","0.09"]]}
{"type":"l2update","product_id":"ETH-USD","time":"2019-01-09T00:56:26.457Z","changes":[["sell","149.22000000","0.05855684"]]}
{"type":"l2update","product_id":"ETH-USD","time":"2019-01-09T00:56:26.507Z","changes":[["buy","148.78000000","5.0455459"]]}
{"type":"l2update","product_id":"ETH-USD","time":"2019-01-09T00:56:26.512Z","changes":[["sell","149.24000000","0"]]}
{"type":"l2update","product_id":"ETH-USD","time":"2019-01-09T00:56:26.578Z","changes":[["buy","148.21000000","12.94902486"]]}
{"type":"l2update","product_id":"ETH-USD","time":"2019-01-09T00:56:26.580Z","changes":[["buy","148.58000000","6.48148404"]]}
{"type":"l2update","product_id":"ETH-USD","time":"2019-01-09T00:56:26.580Z","changes":[["buy","148.06000000","0.1"]]}
{"type":"l2update","product_id":"ETH-USD","time":"2019-01-09T00:56:26.581Z","changes":[["buy","148.21000000","7.05254104"]]}
{"type":"l2update","product_id":"ETH-USD","time":"2019-01-09T00:56:26.586Z","changes":[["buy","148.58000000","12.37796786"]]}
{"type":"l2update","product_id":"ETH-USD","time":"2019-01-09T00:56:26.590Z","changes":[["buy","148.21000000","12.43515528"]]}
{"type":"l2update","product_id":"ETH-USD","time":"2019-01-09T00:56:26.602Z","changes":[["buy","148.34000000","5.28268854"]]}
{"type":"l2update","product_id":"ETH-USD","time":"2019-01-09T00:56:26.678Z","changes":[["buy","148.34000000","11.92510484"]]}
{"type":"l2update","product_id":"ETH-USD","time":"2019-01-09T00:56:26.745Z","changes":[["buy","148.34000000","6.6424163"]]}
{"type":"l2update","product_id":"ETH-USD","time":"2019-01-09T00:56:26.754Z","changes":[["buy","148.58000000","17.6606564"]]}
{"type":"l2update","product_id":"ETH-USD","time":"2019-01-09T00:56:26.757Z","changes":[["buy","148.21000000","17.37841808"]]}
{"type":"l2update","product_id":"ETH-USD","time":"2019-01-09T00:56:26.897Z","changes":[["buy","148.86000000","0.23"]]}
{"type":"l2update","product_id":"ETH-USD","time":"2019-01-09T00:56:26.904Z","changes":[["sell","149.61000000","6.94853169"]]}
{"type":"l2update","product_id":"ETH-USD","time":"2019-01-09T00:56:26.920Z","changes":[["buy","148.89000000","0"]]}
{"type":"l2update","product_id":"ETH-USD","time":"2019-01-09T00:56:26.932Z","changes":[["sell","149.54000000","74.37"]]}
{"type":"l2update","product_id":"ETH-USD","time":"2019-01-09T00:56:26.975Z","changes":[["sell","148.97000000","0"]]}
{"type":"l2update","product_id":"ETH-USD","time":"2019-01-09T00:56:27.003Z","changes":[["buy","148.58000000","12.37796786"]]}
{"type":"l2update","product_id":"ETH-USD","time":"2019-01-09T00:56:27.021Z","changes":[["sell","148.98000000","0.05"]]}
{"type":"l2update","product_id":"ETH-USD","time":"2019-01-09T00:56:27.074Z","changes":[["sell","149.47000000","44.37862587"]]}
{"type":"l2update","product_id":"ETH-USD","time":"2019-01-09T00:56:27.076Z","changes":[["sell","149.05000000","0"]]}
{"type":"l2update","product_id":"ETH-USD","time":"2019-01-09T00:56:27.077Z","changes":[["sell","149.67000000","5.59733968"]]}
{"type":"l2update","product_id":"ETH-USD","time":"2019-01-09T00:56:27.078Z","changes":[["sell","149.09000000","0"]]}
{"type":"l2update","product_id":"ETH-USD","time":"2019-01-09T00:56:27.081Z","changes":[["sell","149.47000000","48.99748923"]]}
{"type":"l2update","product_id":"ETH-USD","time":"2019-01-09T00:56:27.083Z","changes":[["buy","148.06000000","5.75711796"]]}
{"type":"l2update","product_id":"ETH-USD","time":"2019-01-09T00:56:27.087Z","changes":[["sell","149.03000000","4.89974488"]]}
{"type":"l2update","product_id":"ETH-USD","time":"2019-01-09T00:56:27.146Z","changes":[["buy","148.21000000","12.43515528"]]}
{"type":"l2update","product_id":"ETH-USD","time":"2019-01-09T00:56:27.153Z","changes":[["buy","148.34000000","0"]]}
{"type":"l2update","product_id":"ETH-USD","time":"2019-01-09T00:56:27.155Z","changes":[["buy","148.78000000","0"]]}
{"type":"l2update","product_id":"ETH-USD","time":"2019-01-09T00:56:27.157Z","changes":[["buy","148.58000000","19.02038416"]]}
{"type":"l2update","product_id":"ETH-USD","time":"2019-01-09T00:56:27.159Z","changes":[["buy","148.06000000","11.03161747"]]}
{"type":"l2update","product_id":"ETH-USD","time":"2019-01-09T00:56:27.164Z","changes":[["sell","149.67000000","0"]]}
{"type":"l2update","product_id":"ETH-USD","time":"2019-01-09T00:56:27.166Z","changes":[["sell","149.47000000","43.75886336"]]}
{"type":"l2update","product_id":"ETH-USD","time":"2019-01-09T00:56:27.167Z","changes":[["sell","149.29000000","6.50640479"]]}
{"type":"l2update","product_id":"ETH-USD","time":"2019-01-09T00:56:27.167Z","changes":[["sell","149.15000000","0"]]}
{"type":"l2update","product_id":"ETH-USD","time":"2019-01-09T00:56:27.171Z","changes":[["sell","149.03000000","9.83544459"]]}
{"type":"l2update","product_id":"ETH-USD","time":"2019-01-09T00:56:27.175Z","changes":[["sell","149.29000000","11.74503066"]]}
{"type":"l2update","product_id":"ETH-USD","time":"2019-01-09T00:56:27.183Z","changes":[["sell","149.15000000","5.96227909"]]}
{"type":"l2update","product_id":"ETH-USD","time":"2019-01-09T00:56:27.224Z","changes":[["sell","149.47000000","39.14"]]}
{"type":"l2update","product_id":"ETH-USD","time":"2019-01-09T00:56:27.225Z","changes":[["sell","149.29000000","5.23862587"]]}
{"type":"l2update","product_id":"ETH-USD","time":"2019-01-09T00:56:27.230Z","changes":[["sell","149.67000000","6.17348307"]]}
{"type":"l2update","product_id":"ETH-USD","time":"2019-01-09T00:56:27.233Z","changes":[["sell","149.47000000","44.73733968"]]}
{"type":"l2update","product_id":"ETH-USD","time":"2019-01-09T00:56:27.299Z","changes":[["sell","149.67000000","10.92994333"]]}
{"type":"l2update","product_id":"ETH-USD","time":"2019-01-09T00:56:27.300Z","changes":[["buy","148.06000000","16.50224924"]]}
{"type":"l2update","product_id":"ETH-USD","time":"2019-01-09T00:56:27.369Z","changes":[["sell","149.67000000","4.75646026"]]}
